4154 4895
986 279 1009 323 1
1022 260 1105 347 36
1849 269 1898 324 C
1897 268 2220 327 HRONIC
2220 269 2342 327 ΟΝ
2384 269 2799 327 GALFRIDI

624 488 935 538 eumz,
981 464 1164 529 lude.
1264 463 1569 529 Preterea
1604 464 1941 541 Tolosam,
1972 465 2153 549 prius
2195 486 2318 551 per
2363 486 2561 532 unum
2613 466 2868 531 miliare
2910 487 2951 531 a
2994 467 3271 533 sinistris
3314 469 3679 545 dimissam.

690 581 877 589 ---

630 839 687 887 18
712 837 845 893 Nov.

974 598 1133 652 tunc
1192 606 1307 669 per
1365 596 1654 670 quatuor
1714 586 1934 652 leucas
1997 607 2039 651 a
2100 587 2358 652 dextris
2420 588 2734 653 intactam
2798 587 3252 670 reliquerunt;
3325 602 3392 654 et
3457 590 3680 654 media

971 708 1272 772 custodia
1303 706 1423 772 suit
1455 708 1746 790 ospitata
1778 707 1841 771 in
1875 728 2116 791 magna
2147 709 2301 773 villa
2333 710 2418 773 de
2452 709 2832 785 Miremont‚
2862 728 2996 792 que
3036 728 3187 774 cum
3219 722 3438 775 castro
3469 708 3681 775 suerat

972 828 1342 893 combusta.
1451 827 1581 894 Die
1651 827 1960 894 Mercurii
2010 831 2412 895 transierunt
2471 849 2587 914 per
2647 841 2933 895 castrum
2987 832 3252 896 comitis
3313 830 3683 909 Fluxensis,

970 962 1278 1016 vocatum
1343 950 1766 1026 Mounthaut,
1815 951 1901 1015 ad
1954 951 2141 1016 cuius
2195 952 2434 1034 pedem
2483 951 2741 1034 equites
2793 949 3033 1035 singuli
3088 952 3470 1025 successive,
3522 972 3676 1017 cum

970 1080 1241 1154 stupore
1271 1069 1532 1135 illorum
1564 1071 1652 1136 de
1695 1072 1929 1156 patria,
1962 1072 2360 1137 transierunt
2405 1092 2650 1155 aquam
2691 1092 3001 1156 magnam
3033 1073 3120 1137 de
3151 1070 3512 1150 Geronde;
3561 1074 3676 1137 ubi

969 1192 1277 1257 continue
1308 1212 1424 1276 per
1453 1203 1670 1259 totum
1702 1211 1947 1257 annum
1980 1204 2132 1258 sunt
2165 1192 2414 1259 nacelle
2444 1204 2673 1277 parate
2706 1214 2824 1277 pro
2848 1194 3125 1258 transitu
3160 1193 3614 1276 indigenarum
3641 1192 3682 1269 ¹,

968 1332 1103 1397 que
1150 1323 1306 1380 tunc
1358 1313 1445 1377 ad
1504 1314 1835 1380 exercitus
1881 1314 2436 1398 impedimentum
2485 1334 2604 1398 per
2646 1313 2926 1378 villanos
2988 1314 3237 1379 vicinos
3296 1315 3384 1379 de
3447 1313 3666 1378 North

972 1432 1226 1499 fuerant
1275 1435 1630 1499 subtracte.
1721 1432 1993 1517 Aquam
2047 1435 2134 1499 de
2189 1433 2501 1500 Geronde
2560 1455 2712 1501 cum
2774 1436 2997 1518 gracia
3059 1434 3186 1499 Dei
3242 1436 3674 1520 petransitam

968 1555 1289 1621 relacione
1317 1555 1825 1620 castellanorum
1860 1554 2075 1619 nullus
2107 1557 2428 1640 potuisset
2462 1557 2958 1641 pertransivisse
2983 1568 3134 1640 post
3169 1556 3673 1621 inundacioncm

969 1674 1190 1759 pluvie
1237 1677 1488 1754 diurne,
1537 1677 1715 1741 unde
1771 1676 1912 1740 eius
1971 1678 2285 1742 transitus
2345 1676 2471 1741 Dei
2532 1678 2757 1742 virtuti
2821 1678 2990 1742 iuste
3049 1675 3262 1742 suerat
3321 1678 3666 1761 ascriptus.

970 1796 1229 1862 Presata
1279 1795 1435 1861 villa
1480 1798 1568 1861 de
1613 1796 1831 1861 North
1879 1795 2091 1862 suerat
2138 1817 2254 1880 per
2301 1796 2614 1863 insultum
2661 1800 3052 1882 conquisita.
3100 1798 3166 1863 in
3212 1798 3397 1863 cuius
3444 1809 3668 1863 castro

848 1916 891 1939 '⁸
966 1918 1225 1983 reddito
1250 1919 1764 1983 retro-custodia
1790 1919 2220 2001 pernoctavit.
2289 1918 2399 1983 Ex
2424 1929 2582 1985 tunc
2605 1920 2995 1985 dimiserunt
3019 1920 3228 1984 rivum
3253 1920 3339 1984 de
3359 1918 3672 1983 Geronde

963 2060 1006 2104 a
1051 2039 1349 2113 sinistris,
1397 2049 1626 2105 contra
1681 2039 1865 2105 cuius
1925 2058 2187 2104 cursum
2249 2040 2591 2105 adiverunt
2651 2040 2877 2106 villam
2939 2041 3026 2105 de
3087 2040 3490 2117 Markovaw,
3541 2060 3674 2123 que

968 2158 1356 2225 mirabiliter
1404 2159 1525 2225 suit
1569 2160 1959 2244 conquisita.
2049 2161 2381 2226 Transivit
2427 2162 2606 2227 enim
2655 2162 2894 2226 iterum
2943 2160 3188 2226 ibidem
3234 2180 3476 2243 aquam
3523 2182 3672 2244 pre·

964 2281 1211 2346 dictam
1243 2301 1393 2347 cum
1439 2282 1887 2346 admiracione
1918 2281 2310 2347 villanorum
2359 2283 2579 2347 media
2622 2284 2945 2355 custodia,
2975 2294 3042 2347 et
3089 2294 3246 2347 tunc
3290 2282 3378 2346 ad
3425 2280 3667 2345 sortem

961 2402 1185 2468 villam
1218 2403 1303 2468 de
1349 2400 1675 2478 Carbone,
1711 2422 1897 2469 muro
1939 2424 2025 2468 ex
2074 2422 2206 2470 una
2250 2415 2439 2488 parte
2468 2415 2535 2470 et
2581 2423 2755 2488 aqua
2800 2423 2888 2469 ex
2933 2402 3062 2468 alia
3106 2403 3279 2469 bene
3325 2404 3672 2480 munitam.

962 2537 1189 2590 tamen
1248 2534 1405 2590 ante
1451 2525 1813 2590 adventum
1875 2525 2186 2609 principis
2253 2545 2372 2610 per
2431 2525 2745 2591 insultum
2807 2525 3270 2610 conquisitam,
3332 2524 3422 2588 ita
3482 2524 3666 2608 quod

962 2645 1328 2728 hospicium
1375 2646 1636 2731 prebuit
1667 2646 2039 2722 victoribus,
2085 2647 2378 2731 principe
2419 2646 2508 2710 ad
2553 2657 2763 2724 extra,
2796 2659 2864 2711 ut
2913 2646 3157 2728 ubique
3208 2645 3344 2710 sere
3390 2645 3668 2714 solebat.

960 2767 1274 2850 ospitato.
1364 2766 1495 2831 Die
1546 2766 1715 2829 lovis
1760 2778 2060 2851 tempore
2102 2768 2333 2850 quieto
2377 2779 2444 2832 et
2489 2766 2867 2833 delectabili
2913 2767 3162 2850 quievit
3208 2767 3538 2831 exercitus
3577 2769 3663 2831 ad

963 2907 1272 2970 magnam
1335 2888 1812 2953 recreacionem
1864 2897 2015 2972 post
2071 2887 2330 2952 labores
2380 2889 2615 2953 diebus
2664 2889 2953 2972 pristinis
3000 2889 3442 2954 continuatos.
3537 2887 3666 2952 Die

960 3006 1254 3084 Veneris„
1284 3008 1648 3074 certificato
1680 3010 1859 3091 quod
1893 3007 2130 3074 Gallici
2165 3009 2229 3074 in
2258 3009 2434 3075 acies
2454 3009 2746 3094 quinque
2779 3029 3054 3093 magnas
3086 3008 3334 3073 fuerant
3366 3009 3556 3072 divisi
3579 3009 3664 3072 de

960 3150 1171 3214 prope
1215 3130 1596 3208 existentes,
1634 3131 1960 3215 progressi
1999 3131 2204 3196 nostri
2251 3131 2336 3195 ad
2385 3131 2682 3215 spacium
2730 3131 2922 3193 unius
2971 3129 3239 3194 miliaria
3282 3130 3368 3194 de
3411 3129 3664 3212 ospicio

958 3252 1213 3334 seipsos
1272 3251 1335 3315 in
1394 3271 1637 3336 campo
1701 3263 1863 3335 apto
1921 3253 2304 3317 ordinarunt
2362 3251 2451 3317 ad
2513 3251 2947 3335 preliandum.
3071 3249 3307 3333 Itaque
3364 3253 3662 3314 exercitu

956 3373 1281 3446 ordinato,
1339 3372 1611 3455 quidam
1686 3373 2075 3438 suscitatum
2146 3372 2436 3457 leporem
2501 3372 3002 3448 exclamarunt3
3075 3371 3256 3454 quod
3320 3373 3664 3436 audientes

960 3494 1201 3558 inimici
1248 3494 1601 3557 emiserunt
1648 3494 1742 3558 xl.
1797 3492 2150 3568 lanceatos,
2195 3513 2311 3577 per
2354 3513 2522 3578 quos
2567 3495 2707 3556 viso
2752 3494 3048 3558 exercitu
3093 3493 3402 3556 ordinato
3449 3513 3662 3557 rever·

956 3634 1200 3698 sosque
1222 3613 1518 3679 celeriter
1549 3613 1669 3678 hcc
1700 3616 2101 3686 nunciantes.
2126 3635 2356 3678 omnes
2389 3614 2692 3696 sugerunt
2724 3634 2874 3679 cum
2909 3635 3150 3696 magno
3183 3633 3444 3698 pavore,
3477 3615 3658 3678 sicud

958 3734 1317 3800 retulerunt
1380 3735 1559 3820 capti
1625 3755 1711 3799 ex
1773 3736 1889 3799 ciis
1950 3735 2013 3799 in
2076 3736 2556 3820 persecucione.
2650 3734 2774 3799 1110
2833 3735 2943 3799 die
3007 3733 3516 3798 Bartholomeus
3573 3737 3658 3798 de

960 3855 1400 3941 Burghasche,
1457 3856 1783 3920 Iohannes
1845 3854 2182 3930 Chandos.
2234 3869 2298 3920 et
2368 3855 2651 3921 lacobus
2713 3854 3120 3938 Daudeleye,
3179 3856 3266 3919 ad
3329 3877 3658 3920 namnum

955 3990 1192 4060 quater
1264 3978 1495 4060 viginti
1571 3977 2019 4043 lanceatorum
2097 3976 2384 4041 ordinati
2460 3977 3052 4060 discooperatores,
3109 3977 3500 4040 accedentes
3571 3977 3658 4040 ad

952 4100 1233 4164 caudam
1271 4100 1601 4164 exercitus
1633 4097 2057 4172 Gallicorum.
2089 4099 2502 4181 captivarunt
2542 4097 2813 4180 triginta
2845 4097 3014 4161 duos
3061 4097 3300 4161 milites
3344 4111 3408 4162 et
3442 4098 3660 4162 domi·

2054 4233 2069 4264 ⁸
2115 4233 2457 4302 indigenum.
2499 4233 2561 4286 B.
