4154 4895
920 246 1002 314 70
1801 240 1850 298 C
1850 239 2174 298 HRONIC
2173 241 2296 300 ΟΝ
2334 237 2740 298 GALFRIDI

564 452 872 503 ιιιικο.
912 457 1025 502 seu
1092 436 1370 504 nimium
1432 435 1853 524 protelarent,
1913 437 2266 523 populares
2331 436 2489 522 ipsis
2550 433 2811 503 Scotis¹
2873 437 3296 503 redeuntibus
3355 436 3628 503 viriliter

621 543 820 556 —
912 571 1324 626 occurrentes
1383 559 1657 645 predam
1716 570 1982 642 captam
2042 558 2452 624 abstulerunt
2503 569 2570 623 et
2627 558 2871 624 multos
2922 558 3319 635 occiderunt,
3362 570 3430 624 et
3476 558 3626 644 plus

911 700 1113 764 quam
1162 680 1503 765 octoginta
1553 680 1640 745 de
1691 679 2049 744 maioribus
2099 678 2451 745 Scotorum
2479 680 2915 745 ·redimendos
2965 679 3332 746 carceribus
3380 679 3627 745 manci·

912 811 1193 885 parunt3
1275 803 1360 867 de
1423 822 1560 886 quo
1626 799 1907 865 maiores
1968 800 2140 865 illius
2201 799 2488 866 marchie
2548 799 2763 865 minus
2822 800 3306 867 racionabiliter
3367 800 3626 866 suerunt

915 920 1258 1005 indignati.

564 1060 755 1139 vrsach
1092 1042 1347 1121 Postea,
1397 1043 1569 1109 circa
1626 1041 1865 1108 festum
1918 1042 2127 1109 sancti
2183 1042 2359 1108 Petri
2419 1043 2505 1107 ad
2558 1041 2856 1119 Vincula,
2905 1042 3118 1127 pirate
3177 1041 3414 1108 Gallici
3475 1060 3624 1107 cum

605 1136 835 1243 annegeb?
914 1163 1245 1230 adiutorio
1309 1163 1763 1248 Hispanorum
1828 1163 2144 1228 insultum
2199 1165 2522 1230 dederunt
2582 1164 2646 1228 in
2700 1163 2978 1228 insulam
3030 1162 3239 1229 Vecte
3289 1174 3355 1227 et
3405 1162 3629 1227 subito

724 1264 877 1310 Μ
917 1284 1258 1350 intrarunt.
1370 1282 1635 1368 Quibus
1708 1285 2019 1349 dominus
2083 1284 2315 1351 Petrus
2381 1284 2642 1362 kumel,
2710 1282 2915 1359 mna,
2980 1303 3130 1349 cum
3201 1282 3631 1369 popularibus

915 1404 1213 1470 obviavit
1255 1415 1321 1470 et
1364 1404 1547 1490 ipsos
1581 1415 1888 1488 potenter
1926 1404 2205 1489 expulit,
2241 1403 2538 1490 pluribus
2576 1424 2802 1470 eorum
2850 1404 3241 1482 interfectis3
3284 1416 3384 1469 set
3441 1403 3631 1468 miles

916 1525 1165 1591 ibidem
1218 1524 1498 1590 letaliter
1548 1525 1899 1592 wlneratus
1955 1526 2339 1611 exspiravit.
2431 1525 2653 1592 Pirate
2702 1546 2859 1591 vero
2910 1526 2997 1591 ad
3048 1536 3270 1611 partes
3329 1524 3632 1591 Devonie

912 1668 989 1712 se
1044 1646 1540 1721 transtulerunt,
1605 1656 1672 1711 et
1734 1646 1959 1711 villam
2023 1649 2110 1711 de
2169 1646 2686 1731 Teygnemuthe
2747 1646 3040 1730 episcopi
3106 1645 3630 1712 combuoeerunt.

917 1769 1181 1834 Deinde
1220 1789 1446 1833 versus
1494 1767 1989 1833 Plummutham
2038 1768 2420 1851 migrarunt,
2451 1779 2551 1832 set
2591 1765 2744 1832 ville
2784 1767 3049 1833 defense
3093 1767 3181 1832 nil
3229 1778 3632 1841 nocuerunt;

917 1889 1126 1954 immo
1167 1890 1455 1973 quedam
1499 1889 1790 1954 maneria
1830 1889 2230 1973 campestria
2273 1889 2793 1966 combusserunt,
2833 1898 2902 1955 et
2945 1890 3302 1973 quemdam
3349 1886 3630 1953 militem

917 2022 1188 2096 captum
1233 2011 1567 2075 duxerunt
1611 2030 1747 2093 quo
1789 2009 2121 2075 volebant.

570 2156 783 2210 Edem
1097 2131 1253 2196 Post
1300 2131 1544 2196 bellum
1601 2130 1833 2196 navale
1878 2131 2335 2215 prescriptum,
2381 2130 2667 2197 reductis
2713 2130 2778 2196 in
2833 2131 3151 2215 Angliam
3197 2131 3406 2215 copiis
3463 2150 3632 2213 quas

569 2234 834 2339 mffiffs’
918 2252 1175 2329 eduxit,
1234 2272 1355 2317 rex
1424 2251 1638 2336 spolia
1708 2252 2061 2317 comitibus
2127 2252 2263 2316 suis
2330 2252 2688 2329 distribuit,
2746 2264 2812 2317 et
2876 2253 3117 2318 devota
3177 2250 3324 2318 loca
3382 2251 3634 2335 Anglie

570 2292 883 2488 Ξῖξζω
921 2373 1230 2447 visitavit,
1292 2374 1357 2437 in
1422 2373 1664 2458 quibus
1736 2372 1990 2457 gracias
2060 2369 2305 2437 Datori
2363 2374 2788 2440 victoriarum
2852 2373 3232 2459 suppliciter
3298 2372 3634 2459 persolvit.

568 2503 707 2553 ²8⁸⁸-
928 2495 1184 2570 Postea,
1223 2515 1340 2578 per
1374 2513 1711 2559 assensum
1761 2493 2083 2558 maiorum
2129 2495 2218 2560 de
2259 2516 2382 2560 suo
2425 2494 2722 2572 concilio,
2761 2495 2826 2559 in
2876 2494 3277 2572 Flandriam,
3319 2504 3391 2559 ut
3435 2505 3634 2560 antoe

572 2586 885 2703 gem
921 2615 1267 2699 disposuit,
1324 2613 1789 2691 transfretavit,
1845 2634 2068 2679 secum
2116 2615 2447 2680 deducens
2491 2615 2838 2680 dominum
2885 2615 3258 2680 Robertum
3317 2613 3632 2681 comitem

572 2718 757 2832 ζξξζω
780 2779 839 2831 05
926 2736 1243 2821 Dartoys,
1271 2735 1384 2819 qui
1416 2755 1536 2819 per
1566 2733 1767 2818 longa
1802 2746 2111 2819 tempora
2150 2736 2238 2800 ad
2280 2757 2608 2820 expensas
2647 2736 2818 2820 regis
2861 2736 2924 2800 in
2957 2735 3208 2818 Anglia
3237 2735 3424 2799 vixit.
3515 2733 3634 2798 Ad

573 2849 759 2899 *³⁰³⁸-
924 2877 1147 2942 regem
1209 2876 1449 2940 nempe
1505 2855 1821 2939 confugit,
1861 2869 2093 2941 petens
2150 2856 2472 2922 auxilium
2538 2866 2770 2923 contra
2817 2857 3144 2922 tirannum
3208 2855 3636 2928 Francorum,

923 2979 1037 3063 qui
1070 2979 1514 3061 possessiones
1544 2989 1808 3061 patrum
1841 2998 2116 3041 suorum
2152 2979 2216 3043 in
2242 2977 2516 3044 Artosia
2546 2989 2612 3043 et
2649 2977 3014 3044 Brabancia
3043 2977 3326 3042 detinuit
3359 2977 3636 3052 iniuste3

923 3101 1099 3165 unde
1130 3119 1249 3163 rex
1288 3099 1431 3164 eius
1464 3098 1780 3181 homagio
1810 3098 2131 3164 auxilium
2162 3100 2522 3184 spopondit
2560 3111 2627 3165 et
2658 3099 2919 3184 prebuit
2949 3098 3186 3165 eidem.
3279 3099 3490 3182 Igitur
3519 3119 3640 3183 per

926 3220 1305 3286 Flandriam
1343 3229 1412 3286 et
1458 3218 1893 3285 Brabanciam
1950 3240 2144 3284 suum
2189 3221 2554 3286 exercitum
2591 3232 2657 3287 et
2706 3221 3074 3286 dominium
3123 3219 3522 3286 Francorum
3565 3231 3636 3284 et

924 3362 1112 3408 suam
1144 3341 1578 3408 hereditatem
1614 3362 1731 3406 rex
1763 3342 2116 3416 deducens,
2150 3341 2388 3406 iterum
2429 3344 2662 3408 ardere
2691 3342 2898 3416 villas,
2938 3340 3290 3426 profugare
3328 3340 3636 3416 Francos,

582 3477 667 3529 He
688 3476 798 3541 lay·
924 3463 1126 3529 blada
1169 3463 1556 3529 comburere
1590 3475 1704 3527 aut
1741 3463 1866 3527 sub
1910 3463 2194 3546 pedibus
2236 3482 2554 3546 equorum
2599 3463 2870 3538 calcare,
2899 3463 3011 3528 diu
3056 3461 3510 3538 continuavit;
3568 3473 3636 3525 et

577 3554 833 3673 my.
926 3586 1195 3651 tandem
1226 3583 1562 3651 civitatem
1597 3584 2084 3650 Tornacenscm
2120 3583 2374 3649 sortiter
2403 3585 2706 3662 obsessit,
2736 3585 3025 3650 remissis
3054 3584 3408 3651 comitibus
3427 3581 3634 3648 Glou·

925 3706 1177 3783 cestrie,
1213 3705 1601 3770 Arundcllie
1645 3716 1711 3769 et
1763 3704 2223 3771 Huntindonie
2273 3704 2338 3770 in
2380 3705 2720 3788 Angliam,
2761 3726 2886 3790 pro
2935 3704 3141 3770 tutela
3191 3704 3392 3788 regni.
3483 3703 3640 3768 Rex

927 3827 1146 3911 igitur,
1196 3847 1418 3892 secum
1478 3825 1728 3890 habens
1787 3826 2234 3892 marchionem
2301 3824 2752 3902 Iuliacenscm,
2810 3829 3046 3892 ducem
3111 3824 3514 3908 Burgundie,
3569 3835 3640 3888 et

931 3947 1213 4014 comites
1262 3946 1619 4013 Hannonie
1653 3958 1857 4030 atque
1898 3947 2131 4022 Cclrie,
2169 3947 2581 4012 obsidionem
2628 3968 2780 4014 cum
2829 3947 3056 4032 paucis
3085 3946 3391 4031 Anglicis
3429 3945 3642 4010 tenuit

936 4069 1131 4135 valde
1176 4088 1508 4154 magnam,
1548 4069 1658 4138 cui
1700 4069 2013 4138 victualia
2055 4067 2313 4135 venalia
2357 4081 2810 4154 competenter
2853 4069 3119 4137 abunde
3162 4067 3512 4155 populans
3555 4068 3644 4131 de

2118 4204 2135 4239 ¹
2175 4205 2346 4262 Scoti.
2391 4208 2452 4260 B.
