4154 4895
944 276 987 334 4
1816 266 1865 320 C
1864 266 2142 322 JJRONJ
2140 266 2188 322 C
2187 268 2309 324 ΟΝ
2364 268 2473 323 ΟΛ
2482 268 2775 324 LFRID!

591 473 905 529 anuos.
945 472 1262 546 precepto
1306 463 1513 549 patris
1557 463 1922 541 abdicatus,
1970 465 2204 531 Petrus
2257 466 2341 531 de
2393 466 2776 532 Gavestone
2828 468 3180 550 predictus,
3232 487 3432 552 quem
3461 463 3482 505 ¹
3531 484 3674 531 rex·

593 602 782 683 Renum
808 601 868 651 of
944 584 1033 648 ab
1092 584 1296 649 exilio
1358 584 1421 647 in
1478 583 1798 668 Angliam
1851 587 2118 651 reduxit
2135 610 2154 662 ς
2219 587 2320 652 cui
2375 588 2582 653 eciam
2638 589 2819 653 dedit
2876 590 3263 655 comitatum
3323 589 3657 654 Cornubie

591 670 861 719 nave-ton.
946 716 1012 769 et
1061 704 1264 770 filiam
1310 706 1554 771 sororis
1596 727 1733 783 sue,
1778 707 2082 772 videlicet
2127 709 2397 773 domine
2448 709 2743 775 Iohanne
2788 712 2873 775 de
2918 710 3150 787 Acres,
3192 712 3526 776 comitisse
3569 710 3658 775 de

595 750 693 800 tiis
745 766 906 799 romo-

590 767 821 891 *ΜΞΝ*
949 825 1356 903 Gloucestre,
1417 828 1482 891 in
1545 848 1847 893 uxorem.
1966 828 2128 894 Erat
2190 830 2314 894 iste
2377 829 2610 896 Petrus
2669 832 2945 897 nacione
3292 832 3335 911 ²,
3381 852 3658 915 corpore

595 963 697 1013 ni·
944 946 1215 1031 elegans
1267 959 1336 1013 et
1387 948 1598 1033 agilis,
1655 950 1921 1031 ingenio
1977 970 2145 1025 acer,
2200 951 2493 1016 moribus
2552 952 2864 1030 curiosus,
2918 952 2981 1016 in
3046 972 3118 1018 re
3177 952 3442 1017 militari
3494 952 3660 1017 satis

590 1030 857 1080 thalete?-

946 1069 1425 1143 excercitatus;
1476 1070 1562 1135 de
1607 1091 1741 1153 quo
1785 1069 2153 1135 valencium
2200 1071 2415 1136 dicere
2461 1073 2914 1137 testimonium
2959 1073 3162 1155 quod,
3200 1073 3346 1157 ipso
3391 1074 3456 1138 in
3504 1093 3656 1157 par·

946 1190 1127 1255 tibus
1174 1190 1408 1255 Scocie
1452 1190 1716 1256 ducatui
1766 1190 2003 1256 milicie
2043 1191 2440 1275 presidente,
2488 1191 2728 1257 Scotos
2772 1192 2968 1260 valde
3012 1196 3243 1259 terruit
3291 1206 3360 1260 et
3413 1193 3656 1278 repulit

944 1333 985 1377 a
1031 1312 1255 1395 predis
1305 1320 1372 1377 et
1418 1312 1565 1377 aliis
1606 1313 1890 1377 vesaniis
1936 1313 2450 1396 magnanimitas
2502 1311 2920 1397 Anglorum3
2983 1335 3119 1399 quo
3171 1336 3287 1400 per
3340 1316 3654 1379 invidiam

947 1431 1165 1497 felices
1208 1454 1544 1498 successus
1591 1433 1790 1517 ipsius
1835 1434 2212 1498 odiencium
2259 1434 2345 1499 de
2393 1436 2610 1499 medio
2654 1436 3012 1509 subtractO,
3063 1436 3396 1502 incanduit
3444 1448 3508 1501 et
3560 1438 3660 1501 in·

945 1553 1153 1617 valuit
1232 1553 1295 1617 in
1372 1553 1705 1618 ministros
1780 1555 1952 1638 regis
2025 1553 2274 1637 Anglie
2345 1556 2578 1620 castris
2655 1554 2889 1621 Scocie
2967 1556 3324 1639 deputatos
3392 1570 3656 1623 versuta

951 1674 1309 1740 Scotorum
1356 1674 1725 1755 vigilancia.

596 1799 807 1873 Ἡρη-ἰεῦ
1125 1795 1424 1862 Predicte
1474 1797 1889 1862 coronacioni
1946 1796 2274 1861 affuerunt
2327 1797 2622 1862 Karolus
2675 1798 2873 1863 frater
2927 1800 3165 1881 regine,
3221 1798 3477 1863 futurus
3531 1818 3654 1863 rex

594 1880 787 1995 {1223
952 1917 1243 1987 Francie,
1286 1918 1443 1982 item
1490 1916 1779 1981 Karolus
1818 1918 1905 1982 de
1940 1917 2209 2000 Valoys‚
2245 1918 2444 1982 frater
2486 1920 2657 2001 regis
2701 1918 2976 1984 Francie
3020 1928 3087 1984 et
3135 1930 3322 2003 pater
3368 1918 3655 2004 Philippi

594 1996 905 2111 ἓὲτιὲιξιιίοιι.
950 2038 1140 2123 primi
1211 2039 1548 2103 intrusoris
1607 2038 1786 2120 regni
1852 2038 2277 2113 Francorum,
2337 2051 2403 2104 et
2464 2040 2606 2104 dux
2665 2040 3039 2118 Britannie;
3109 2041 3267 2104 item
3333 2038 3661 2105 Henricus

949 2181 1173 2225 comes
1220 2159 1656 2243 Luceburgie,
1705 2169 1937 2243 postea
1986 2159 2360 2243 imperator.
2453 2159 2572 2226 Set
2625 2160 2857 2225 Petrus
2900 2161 2986 2226 de
3032 2160 3431 2235 Gavestone
3474 2160 3657 2227 cultu

949 2292 1019 2345 et
1072 2293 1393 2365 apparatu
1458 2300 1691 2345 omnes
1737 2283 2226 2355 transcendens,
2275 2283 2573 2346 omnium
2630 2282 2944 2346 invidiam
2992 2294 3059 2347 et
3105 2282 3246 2346 eius
3300 2280 3656 2347 nefandum

952 2414 1212 2486 partum
1260 2402 1488 2466 odium
1537 2403 1923 2479 incurrebat,
1967 2424 2098 2486 que
2141 2402 2281 2468 sola
2326 2402 2729 2469 excellenter
2772 2402 3021 2468 nobilia
3068 2402 3353 2468 lacescit.

620 2537 883 2650 1²'aff->ico
1124 2522 1328 2590 Anno
1376 2524 1620 2590 Christi
1674 2525 2003 2588 M.ccc.ix.
2045 2535 2112 2589 et
2162 2525 2364 2608 ipsius
2411 2525 2582 2606 regis
2620 2524 2707 2607 iij.
2755 2545 2893 2602 rex,
2939 2537 3010 2591 ut
3056 2523 3356 2590 deliniret
3400 2524 3661 2589 animos

597 2695 854 2744 Gnveston

598 2770 793 2875 xm
952 2768 1313 2832 transmisit
1368 2767 1433 2831 in
1501 2767 1890 2832 Hiberniam
1939 2788 2090 2833 cum
2139 2767 2358 2832 valida
2414 2788 2610 2831 manu
2671 2777 2897 2832 contra
2949 2766 3314 2832 Ybernicos
3360 2765 3658 2844 rebelles,

951 2644 1388 2709 invidentium
1449 2658 1653 2730 atque
1722 2647 1983 2712 sedaret
2061 2666 2356 2710 murmur
2429 2646 2949 2724 detrahencium,
3028 2641 3360 2734 P[etrum]
3436 2646 3656 2730 ipsum

949 2889 1293 2970 assignans
1323 2888 1725 2972 stipendium
1758 2889 1843 2953 de
1874 2889 2042 2970 regis
2072 2889 2286 2953 erario
2325 2889 2409 2953 ad
2452 2889 2822 2953 scakarium
2872 2887 3117 2952 ibidem
3166 2887 3658 2972 recipiendum3

952 3022 1019 3075 et
1072 3011 1361 3092 quedam
1417 3030 1748 3093 prospere,
1797 3020 1897 3074 set
1950 3021 2182 3075 contra
2230 3010 2484 3074 ruinam
2532 3009 2650 3086 sui,
2696 3007 3032 3073 exaltatus
3091 3011 3444 3092 congessit.
3532 3007 3656 3074 Set

604 3144 686 3194 lte
710 3151 911 3194 retum
956 3151 1086 3195 non
1146 3131 1258 3194 diu
1323 3129 1583 3194 fortuna
1644 3129 1864 3196 vultus
1922 3132 2332 3196 continuavit
2395 3129 2791 3206 illaritatem,
2863 3130 3157 3194 nondum
3225 3131 3401 3195 enim
3462 3128 3658 3214 plene

955 3250 1252 3317 revoluto
1284 3252 1520 3316 eodem
1552 3273 1727 3317 anno
1762 3254 1948 3316 rediit
1982 3254 2067 3316 de
2107 3253 2429 3316 Hibernia
2455 3252 2538 3314 ad
2574 3252 2744 3332 regis
2775 3251 3281 3314 contubernium
3315 3263 3656 3332 gratanter

951 3385 1286 3458 acceptus.
1378 3373 1629 3439 Contra
1676 3377 1923 3456 quem³
1967 3395 2096 3438 non
2138 3375 2265 3438 iam
2314 3385 2567 3438 secreta
2606 3383 2705 3436 set
2749 3372 2902 3436 odia
2947 3372 3290 3435 manifesta
3331 3371 3548 3436 verbis
3587 3384 3657 3437 et

956 3495 1159 3576 signis
1206 3496 1541 3559 atrocibus
1593 3517 1908 3579 expressa
1970 3493 2366 3578 pullularunt
2430 3494 2894 3559 arbitrancium
2956 3513 3027 3556 se
3087 3493 3478 3575 obsequium
3541 3515 3658 3577 pa·

957 3629 1129 3681 trare
1192 3615 1341 3680 Deo
1401 3629 1465 3681 ct
1544 3616 1943 3700 reipupplice
2019 3618 2350 3699 prodesse,
2417 3617 2468 3679 si
2537 3615 2800 3679 Petrum
2861 3611 3317 3696 alienigenam,
3376 3613 3652 3698 gloriam

957 3736 1457 3818 indigenarum·
1536 3760 1653 3802 sua
1732 3738 2162 3822 prosperitate
2237 3737 2687 3820 eclipsantcm,
2747 3736 2881 3798 vita
2942 3734 3046 3799 vel
3123 3735 3301 3816 regni
3367 3735 3654 3799 incolatu

602 3867 905 3915 Admau.
957 3859 1303 3943 privarent.
1402 3857 1598 3922 Unde
1632 3879 1768 3932 rex,
1804 3871 1870 3923 ut
1907 3858 2118 3940 ipsum
2152 3881 2190 3922 a
2225 3872 2559 3941 satrapum
2607 3867 2938 3940 potestate
2980 3869 3398 3940 preservaret,
3431 3857 3656 3940 posuit

958 3980 1170 4064 ipsum
1210 3980 1270 4043 in
1302 3995 1521 4044 castro
1551 3980 1635 4044 de
1674 3978 2071 4062 Bamborgh,
2102 4001 2398 4044 asserens
2429 3979 2552 4044 hoc
2597 3979 2840 4042 sactum
2891 3988 2962 4041 ut
3007 3977 3285 4062 satrapis
3327 3975 3658 4061 placeret:

1096 4139 1109 4172 ¹
1149 4161 1332 4212 quarn.
1377 4144 1436 4196 B.
1736 4139 1755 4170 ²
1806 4143 1857 4195 Τ
1848 4141 1915 4194 lte
1952 4143 2296 4210 nationali&
2337 4161 2441 4194 om.
2487 4142 2586 4204 13.;
2649 4139 2706 4193 T.
2743 4139 2810 4190 dc
2847 4139 2906 4192 la
2945 4139 3110 4192 More
3147 4138 3248 4192 kas
3292 4139 3480 4194 lttlus.

1518 4227 1537 4259 ⁸
1576 4247 1759 4298 quam.
1806 4230 1866 4283 U.
2583 4227 2604 4258 ⁸
2645 4229 2980 4294 indigenum.
3025 4230 3086 4282 u.
