4154 4895
946 273 1021 334 ¹⁴
1789 260 1839 315 C
1837 258 2163 315 HRONIC
2162 258 2285 315 ΟΝ
2348 258 2753 315 GALFRJDI

584 480 902 531 massa
940 461 1268 547 piissimus
1298 483 1520 529 eomes
1562 461 1952 527 Humsridus
1981 482 2021 526 a
2052 460 2345 543 quodam
2385 457 2669 527 Wallieo
2705 461 2791 526 de
2835 462 2961 528 sub
2998 477 3203 549 ponte
3247 476 3427 532 trans
3473 466 3644 531 sora·

585 610 909 661 net-:ulos
942 605 1092 648 men
1123 585 1348 651 tabule
1377 582 1628 650 lancea¹
1675 584 1737 648 in
1785 582 2119 667 inguinem
2174 602 2264 645 ex
2316 592 2506 667 parte
2555 582 2919 663 secreciori,
2968 583 3082 651 illa
3133 586 3460 654 videlicet²
3507 609 3646 672 qua

585 676 837 795 w&
938 726 1067 769 non
1116 705 1417 771 solebant
1465 706 1703 771 milites
1747 703 2008 780 armari,
2051 705 2178 768 sub
2219 703 2499 787 pedibus
2535 704 2866 770 neminem
2911 704 3202 772 habens³
3244 720 3644 793 suspectum.

586 842 806 907 capture
829 842 890 891 of
939 827 1134 911 proth
1196 827 1421 893 dolori
1487 825 1930 893 transfoditur.
2024 822 2396 909 Capiuntur
2449 824 2514 889 in
2567 844 2808 910 campo
2859 845 3085 892 comes
3141 827 3525 895 Lancastrie
3573 842 3650 895 et

585 909 894 1027 ffiffleff
936 968 1084 1013 cum
1145 969 1227 1013 eo
1294 949 1595 1025 baron‘es,
1660 945 2008 1023 baronetti,
2071 959 2141 1011 et
2209 943 2452 1010 milites
2505 946 2880 1030 nonaginta,
2937 949 3232 1034 quinque
3296 949 3646 1023 scutiferis,

936 1068 1302 1147 clientibus,
1349 1081 1416 1135 et
1464 1069 1611 1135 aliis
1659 1067 2136 1154 impotentibus
2185 1087 2491 1152 guerram
2558 1068 2947 1134 resuscitare
2998 1069 3276 1155 diffugio
3335 1071 3644 1145 dimissis,

934 1202 1004 1255 et
1051 1191 1220 1256 inter
1267 1191 1414 1256 illos
1443 1191 1840 1274 quibusdam
1890 1188 2209 1255 militibus
2253 1186 2549 1255 occultis.
2642 1186 2899 1273 Captos
2937 1199 3143 1272 atque
3181 1210 3406 1256 coram
3459 1192 3642 1273 regni

937 1311 1323 1387 iusticiariis,
1353 1312 1625 1377 domino
1654 1309 1928 1376 Andrea
1972 1311 2058 1375 de
2107 1306 2526 1394 Harchleye⁴
2576 1318 2644 1374 et
2687 1309 2854 1387 aliis,
2895 1310 3328 1377 raciocinatos
3366 1312 3644 1378 cismate

936 1446 1002 1498 et
1067 1432 1420 1497 rebellione
1463 1442 1531 1498 et
1575 1432 1641 1496 in
1700 1433 1915 1516 capud
1965 1431 2217 1515 regium
2280 1430 2770 1515 conspiracione
2813 1431 3111 1516 legitime
3157 1434 3512 1509 convictos,
3558 1454 3643 1499 ne

936 1554 1292 1639 impunitas
1323 1552 1585 1619 illorum
1618 1554 1899 1637 posteris
1928 1554 2242 1618 tribueret
2283 1552 2679 1617 incentivum
2711 1551 2933 1618 taliter
2961 1551 3395 1638 delinquendi,
3428 1555 3646 1619 diver-

934 1675 1189 1739 simode
1243 1675 1495 1759 punivit
1543 1694 1814 1740 censura
1864 1672 2112 1756 legalis.
2203 1673 2466 1758 Nempe
2518 1685 2704 1739 tante
2761 1674 2970 1739 cladis
3022 1675 3448 1760 principalem
3499 1696 3648 1760 pre·

933 1809 1341 1880 sumptorem
1362 1789 1758 1885 T[homam]
1783 1796 2093 1860 comitem
2123 1793 2522 1871 Lancastrie,
2542 1795 2725 1860 cuius
2742 1795 3149 1878 generositas
3166 1808 3233 1861 et
3256 1796 3640 1862 diviciarum

933 1917 1308 2002 amplitudo
1344 1918 1529 2000 quasi
1579 1915 1937 1981 immortali
1992 1927 2247 1981 ceteros
2295 1915 2585 1981 fecerunt
2635 1915 2926 1994 adeoere,
2968 1915 3055 1999 vj.
3107 1916 3219 1981 die
3271 1928 3422 2002 post
3473 1917 3642 1999 regis

640 2049 851 2102 ttosb.
934 2038 1344 2123 triumphum
1400 2038 1710 2122 pupplica
1770 2036 2022 2101 iusticia
2072 2037 2432 2121 suspendio
2486 2037 2945 2120 dampnatum,
2997 2049 3211 2102 morte
3261 2038 3644 2122 turpissima

586 2166 896 2217 Execuuom.
935 2181 1126 2225 suum
1152 2160 1708 2241 consanguineum
1736 2179 1866 2222 non
1892 2159 2188 2241 permisit
2220 2158 2486 2223 tractari
2509 2158 2723 2243 pietas
2746 2157 3002 2241 regalis,
3028 2168 3129 2223 set
3160 2159 3642 2243 decapitacioni

934 2301 1172 2367 penam
1229 2280 1623 2365 prodicionis
1685 2280 2188 2344 misericorditer
2240 2280 2506 2344 remisit.
2597 2279 2702 2343 De
2744 2299 3020 2345 numero
3070 2292 3436 2345 ceterorum
3472 2300 3539 2343 x.
3572 2294 3642 2344 et

830 2426 835 2433 ·
936 2415 1092 2470 octo
1152 2404 1216 2469 in
1275 2402 1551 2469 diversis
1610 2400 1773 2468 loeis
1832 2400 2082 2485 Anglie
2150 2401 2381 2468 tractis
2439 2413 2506 2467 et
2571 2400 2923 2486 suspensis,
2976 2421 3037 2465 v.
3086 2399 3377 2484 fugitivis
3434 2400 3642 2467 exilio

935 2527 1293 2608 castigatis,
1325 2535 1578 2590 ceteros
1606 2524 1911 2608 squalore
1941 2523 2248 2589 carcerali
2295 2535 2654 2609 correptos,
2694 2543 2969 2608 parcens
3005 2521 3430 2600 multitudini,
3463 2524 3644 2608 regia

937 2647 1282 2712 miseracio
1329 2645 1577 2711 dimisit
1630 2644 2096 2729 redempcioni.

586 2808 698 2858 The
719 2804 856 2856 eides·
1109 2764 1315 2832 Anno
1350 2766 1753 2850 M.CCC.xxij.
1786 2766 1963 2851 apud
1998 2765 2374 2831 Eboracum
2409 2763 2842 2850 parliamento
2873 2777 3022 2850 post
3057 2764 3263 2831 Pasca
3286 2764 3642 2840 celebrato.

586 2875 867 2990 31⁸?ss
939 2889 1224 2972 Hugone
1268 2887 1329 2954 le
1376 2889 1660 2973 Spenser
1705 2899 1893 2972 patre
1934 2887 2180 2953 comite
2211 2885 2567 2952 Wintone⁸
2612 2886 2992 2962 constituto,
3044 2907 3292 2972 magno
3341 2888 3642 2952 exercitu

584 3005 803 3122 w
936 3013 1331 3086 coadunatO,
1374 3010 1460 3074 ad
1508 3010 1746 3074 festum
1795 3009 2003 3074 sancti
2046 3008 2273 3074 Iacobi
2327 3028 2447 3074 rex
2504 3006 2812 3074 Scoeiam
2862 3007 3151 3075 intravit.
3241 3007 3430 3074 Scoti
3461 3029 3642 3082 vero.

588 3106 817 3210 tumido
846 3159 905 3209 oc
936 3133 1271 3198 destitutis
1303 3141 1417 3196 aut
1450 3150 1669 3195 secum
1699 3131 2065 3214 deportatis
2097 3128 2268 3195 ultra
2298 3150 2479 3195 mare
2513 3128 2851 3195 Scoticum
2883 3129 3190 3194 omnibus
3212 3150 3342 3213 que
3373 3141 3644 3215 possent

586 3227 838 3278 &md‘
938 3252 1497 3327 sacilitcrauserre‚
1520 3251 1736 3316 solum
1759 3250 2825 3334 victualibusevacuatum,prescii
2845 3249 3042 3315 futuri
3065 3250 3391 3315 adventus
3410 3250 3640 3328 ostilis,

936 3373 1239 3457 Anglicis
1263 3373 1681 3456 reliquerunt.
1754 3372 2040 3437 Patriam
2065 3370 2244 3435 nullo
2269 3371 2611 3436 resistente
2629 3391 2748 3435 rex
2769 3371 3332 3454 transequitavit‘,
3351 3381 3420 3436 et
3445 3391 3638 3435 exer·

588 3519 807 3569 nette-t.
935 3499 1140 3562 citum
1177 3494 1348 3560 same
1393 3491 1801 3557 laborantem
1850 3491 1917 3556 in
1960 3491 2280 3574 Angliam
2330 3491 2600 3556 remisit.
2690 3490 2846 3575 Quo
2884 3492 3177 3574 cognito,
3219 3489 3424 3564 Scoti,
3471 3493 3638 3556 mari

937 3630 1367 3688 transmensO,
1381 3614 1491 3677 dic
1510 3611 1963 3688 latitantes,dc
1988 3623 2184 3677 nocte
2206 3613 2596 3686 laborantes,
2610 3631 2829 3694 regem
2847 3610 3309 3694 insecutiapud
3325 3609 3638 3678 forestam

936 3740 1022 3802 de
1070 3736 1480 3810 Blakcmore,
1529 3735 1594 3798 in
1636 3733 1809 3816 regis
1850 3734 2172 3817 ospicium
2221 3734 2306 3798 de
2352 3745 2548 3798 nocte
2593 3733 2940 3796 obsessum
2995 3730 3314 3797 insultum
3360 3731 3638 3809 dedere;

940 3860 1270 3943 siquidem
1303 3877 1455 3937 rege
1487 3876 1635 3920 cum
1670 3855 1898 3938 paucis
1936 3857 2025 3920 ab
2068 3855 2357 3938 ipsorum
2403 3855 2659 3919 insidiis
2693 3854 2756 3917 in
2787 3852 3106 3919 australes
3138 3863 3359 3936 partes
3390 3853 3638 3938 elapso.

937 3981 1151 4065 captis
1179 4000 1267 4043 ex
1299 3978 1439 4040 eius
1469 3976 1781 4042 comitiva
1833 3977 2079 4042 comite
2113 3975 2630 4050 Reehcmundie
2662 3974 2941 4040 domino
2970 3975 3059 4040 de
3104 3973 3354 4039 Siliaco
3401 3975 3641 4040 nuncio

998 4131 1015 4165 ⁸
1053 4133 1259 4188 tablem
1287 4133 1556 4188 lanceam.
1598 4133 1661 4185 n.
1838 4129 1861 4163 ¹
1898 4130 2025 4188 vide
2056 4131 2132 4187 Η.
2176 4132 2237 4187 Β.
2421 4127 2444 4162 ⁸
2479 4130 2804 4186 habentem.
2847 4129 2908 4183 Β.
3090 4129 3108 4156 “
3151 4127 3465 4199 Hsrcheye.
3503 4127 3570 4184 B.

1498 4215 1522 4249 ⁸
1556 4219 1857 4277 Abintone.
1900 4219 1963 4276 Β.
2528 4216 2552 4250 ⁸
2588 4213 2964 4274 transestavit.
3007 4216 3069 4272 Β.
