4154 4895
1207 280 1321 335 LE
1362 278 1654 334 BAKER
1696 279 1817 334 DE
1859 278 2482 336 SWYNEBROKE.
3071 290 3192 359 129

490 479 743 540 turmas
793 476 1061 542 divisus.
1153 476 1234 540 In
1293 477 1508 561 prima
1565 478 1886 555 custodia,
1940 477 2008 540 in
2068 497 2202 559 qua
2261 486 2363 542 ter
2424 476 2605 541 mille
2663 477 2782 541 viri
2841 498 3197 557 armorum,
3233 494 3542 548 mulsos.

490 593 751 661 fuerunt
785 578 1009 662 comes
1039 597 1383 664 Warewici
1425 598 1968 675 constabulariuS,
2012 596 2426 680 Reginaldus
2467 599 2552 662 de
2598 596 2903 664 Cobham
2949 621 3195 665 mares·
3232 628 3394 690 Amy
3415 626 3475 676 ot

490 715 714 795 callu5‚
760 718 1071 784 dominus
1115 720 1201 784 de
1246 690 1744 803 Bealchaump¹
1794 719 2331 796 SomersetensiS‚
2376 718 2684 785 dominus
2721 720 2804 784 de
2843 718 3122 787 Clifford
3148 720 3195 799 ²,
3234 694 3319 745 ὼε
3338 707 3493 756 my.

491 836 800 904 dominus
843 840 1145 906 Thomas
1187 842 1273 906 de
1321 840 1708 925 Hamptone
1751 842 1838 906 ad
1875 839 2141 917 vexilla,
2188 848 2254 903 et
2299 860 2451 905 cum
2498 841 2614 905 eiis
2660 840 3041 907 Vasconum
3083 842 3195 925 vij.

491 957 792 1024 barones.
885 961 965 1025 In
1019 962 1237 1027 media
1295 963 1614 1040 custodia,
1666 962 1732 1025 in
1793 982 1926 1044 qua
1985 961 2094 1043 vij.
2159 960 2338 1024 mille
2396 962 2519 1024 viri
2579 983 2914 1031 armorum
2975 974 3198 1048 preter

491 1077 761 1147 clericos
813 1091 880 1146 et
929 1082 1308 1169 servientes,
1358 1083 1623 1148 suerunt
1680 1083 1990 1148 dominus
2049 1081 2355 1165 princeps
2414 1102 2564 1146 cum
2624 1082 2870 1166 duplici
2927 1085 3198 1160 vexillo,

494 1220 720 1266 comes
792 1203 1077 1279 Oxonie‚
1138 1205 1449 1269 dominus
1525 1203 2040 1271 Bartholomeus
2116 1203 2202 1267 de
2277 1201 2748 1286 Bourghasshe
2768 1202 2814 1283 ³,
2888 1206 3196 1270 dominus

501 1321 832 1389 Iohannes
862 1326 947 1389 de
980 1325 1222 1401 Insula,
1252 1326 1561 1391 dominus
1593 1327 1679 1390 de
1710 1323 1968 1409 Wylby
1990 1322 2036 1401 ⁴,
2068 1323 2382 1388 dominus
2412 1325 2497 1388 de
2528 1324 2591 1389 la
2622 1325 2843 1401 Ware‚
2881 1327 3193 1392 dominus

496 1443 855 1511 Mauricius
908 1447 994 1510 de
1040 1446 1422 1526 Berkeleye,
1466 1446 1639 1511 filius
1693 1446 1947 1511 domini
2001 1445 2264 1511 Thome
2312 1455 2471 1511 tunc
2518 1447 2798 1512 viventis
2856 1448 3198 1532 decrepiti,

494 1566 805 1631 dominus
882 1567 1214 1633 Iohannes
1289 1568 1626 1643 Boursers,
1695 1567 2008 1632 dominus
2086 1567 2419 1632 Iohannes
2493 1568 2579 1631 de
2657 1567 2846 1633 Roos
2865 1567 2909 1645 ⁶,
2984 1571 3197 1634 maior

437 1688 441 1697 '
494 1685 903 1771 BurdegaliS‚
933 1690 1317 1773 capitaneus
1346 1691 1433 1755 de
1463 1689 1528 1755 la
1572 1688 1850 1768 Busche,
1881 1688 2191 1754 dominus
2236 1687 2323 1753 de
2367 1687 2719 1764 Camount,
2755 1690 3067 1755 dominus
3111 1692 3198 1755 de

497 1806 1000 1876 Mountferant⁰
1059 1813 1146 1877 ad
1206 1810 1473 1876 vexilla.
1565 1810 1645 1874 In
1711 1811 2013 1876 custodia
2065 1819 2402 1892 postrema
2461 1807 2618 1874 alii⁷
2677 1819 2963 1893 quatuor
3015 1811 3196 1875 mille

493 1929 781 1995 virorum
829 1953 1163 1999 armorum
1212 1933 1336 1998 sub
1382 1932 1626 1998 comite
1672 1930 2140 1997 Suthsolchie⁸
2189 1932 2298 1996 et⁹
2343 1932 2589 1997 comite
2639 1930 3080 1997 Sarisburie¹⁰
3125 1943 3196 1998 et

493 2051 768 2117 domino
828 2054 915 2118 de
977 2055 1268 2129 Pomer3‚
1332 2054 1447 2137 qui
1508 2053 1707 2117 duxit
1782 2053 2170 2118 Beruenses.
2264 2051 2345 2116 In
2411 2062 2560 2118 toto
2619 2052 2916 2117 exercitu
2978 2053 3199 2118 taliter

496 2173 806 2239 ordinato
851 2175 1113 2239 fuerunt
1155 2174 1489 2240 virorum⁹
1537 2194 1893 2249 armorum,
1935 2172 2340 2248 clericorum,
2381 2173 2834 2250 serviencium,
2864 2174 3198 2258 sagittari-

494 2313 684 2357 orum
716 2294 821 2360 et⁹
866 2296 1275 2380 brigancium
1308 2305 1375 2361 et
1405 2297 1675 2362 biduers
1698 2294 1746 2333 ¹¹
1790 2294 1965 2359 ultra
1993 2294 2379 2377 sexagesies
2412 2294 2590 2359 mille
2620 2294 2760 2359 viri.
2840 2295 2933 2359 Et
2954 2294 3066 2362 illo
3090 2296 3200 2360 die

494 2414 759 2482 fuerunt
792 2415 1149 2484 Ianekinus
1178 2417 1263 2483 de
1295 2417 1594 2485 Beresort
1630 2426 1697 2483 et
1737 2416 1849 2482 alii
1888 2415 2132 2481 milites
2163 2414 2467 2491 ordinati,
2499 2424 2567 2481 et
2602 2415 2760 2483 villa
2793 2417 2879 2481 de
2916 2415 3199 2483 Arule¹²

494 2555 646 2600 cum
702 2538 913 2603 tribus
966 2539 1111 2604 aliis
1154 2539 1344 2614 villis,
1390 2559 1672 2622 quorum
1722 2548 1863 2603 erat
1907 2538 2292 2622 capitaneus
2335 2538 2644 2603 dominus
2689 2537 3062 2603 Willelmus
3112 2539 3199 2603 de

496 2657 831 2742 Reymon,
885 2658 1098 2724 fidelis
1150 2659 1475 2743 Anglicus
1496 2658 1567 2735 ¹³,
1626 2656 1864 2724 tunc¹⁴
1925 2660 2010 2723 de
2064 2680 2238 2739 novo
2291 2658 2554 2725 suerunt
2604 2659 2865 2725 reddite
2923 2659 3198 2726 domino

496 2780 810 2863 principi3
857 2780 922 2845 in
969 2780 1208 2863 quibus
1254 2783 1585 2846 exercitus
1629 2780 2047 2864 ospitabatur
2093 2791 2179 2855 et,
2223 2781 2429 2846 biduo
2475 2780 2723 2845 ibidem
2770 2780 2916 2864 ipso
2960 2801 3196 2865 peren-

496 2900 787 2976 dinante,
819 2901 1122 2966 exierunt
1153 2901 1265 2986 qui
1295 2901 1615 2967 volebant
1644 2910 1712 2966 et
1742 2910 2060 2986 ceperunt
2091 2900 2400 2968 victualia
2424 2912 2492 2967 et
2523 2902 2794 2986 foragia,
2813 2912 2880 2967 et
2911 2902 3195 2985 patriam

495 3019 805 3087 hostilem
847 3024 1371 3102 combusserunt,
1401 3033 1470 3088 et
1510 3024 1603 3087 ita
1633 3022 1927 3088 fecerunt
1957 3022 2358 3106 generaliter
2387 3043 2734 3107 quousque
2777 3024 3195 3089 reverteban-

497 3151 604 3206 tur
660 3143 747 3208 ad
804 3152 1047 3209 terram
1109 3145 1311 3229 pacis.
1403 3145 1532 3209 Die
1594 3144 1833 3209 Martis
1892 3144 2200 3228 ospitatis
2251 3144 2317 3208 in
2375 3144 2532 3208 villa
2592 3145 2678 3208 de
2732 3143 3103 3210 Montclare
3123 3142 3195 3223 ¹⁶,
3238 3145 3433 3208 1300&

495 3274 783 3329 castrum
816 3265 940 3331 fuit
982 3266 1334 3342 redditum,
1367 3275 1435 3330 et
1474 3275 1626 3349 post
1668 3265 1791 3330 hec
1836 3264 2076 3331 iterum
2112 3267 2200 3330 ad
2242 3263 2533 3330 Gallicos
2580 3265 2902 3348 princeps,
2933 3265 3196 3331 racione

496 3381 668 3469 ignis
698 3387 813 3470 qui
843 3386 1063 3474 erupit
1089 3387 1174 3453 de
1202 3387 1359 3453 villa
1390 3398 1457 3453 et
1479 3388 1675 3452 istam
1695 3386 2099 3465 incremavit,
2124 3386 2331 3452 exivit
2353 3386 2418 3449 in
2444 3406 2755 3469 campum
2775 3395 2842 3451 et
2868 3386 3125 3451 iacebat
3144 3384 3196 3424 ¹⁶

496 3508 564 3571 in
610 3508 930 3582 tentoriiS,
974 3507 1207 3575 nolens
1251 3517 1500 3573 extunc
1546 3509 1612 3571 in
1662 3507 1818 3571 villa
1869 3517 2258 3590 pernoctare
2305 3515 2576 3591 propter
2622 3507 2872 3571 similes
2923 3508 3196 3572 timores
3298 3522 3337 3571 t.
3360 3522 3483 3570 186.

495 3638 851 3695 nocturnos
896 3639 964 3695 et
1010 3638 1083 3695 ut
1130 3650 1394 3713 semper
1440 3637 1615 3693 esset
1667 3627 1966 3693 hostibus
2024 3637 2315 3711 paratus.
2409 3628 2552 3692 Isto
2597 3627 2725 3704 die,
2770 3628 2981 3693 tribus
3024 3629 3196 3693 villis

496 3749 737 3815 invasis
777 3760 846 3817 et
879 3750 1177 3829 incensis,
1208 3750 1361 3816 facti
1396 3750 1657 3815 fuerunt
1705 3748 1947 3815 milites
1991 3748 2255 3814 Gilotus
2301 3749 2386 3813 de
2432 3746 2779 3814 Strattone
2824 3758 2890 3813 et
2921 3749 3194 3832 quidam

567 3896 586 3929 ¹
626 3898 1005 3970 Beauchamp.
1046 3901 1111 3956 C.
1358 3897 1380 3931 ²
1415 3898 1680 3969 clyfford.
1721 3899 1786 3954 C.
1978 3895 2001 3926 ⁸
2039 3897 2422 3953 Borewasche.
2459 3897 2523 3952 C.
2701 3894 2722 3926 ⁴
2759 3895 3017 3966 Wyleby.
3057 3898 3120 3953 C.

566 3983 590 4017 ⁸
622 3988 798 4042 Rous.
838 3988 901 4043 C.
1114 3984 1138 4019 ⁶
1174 3986 1616 4042 Mountseraunt.
1656 3987 1720 4042 C.
1933 3982 1955 4015 ⁷
1991 4002 2100 4039 om.
2142 3987 2206 4040 B.
2421 3981 2441 4013 ³
2480 3982 2877 4039 Southfolchie.
2918 3984 2983 4037 C.

566 4072 589 4105 ⁹
624 4089 731 4128 om.
771 4075 836 4130 C.
1015 4072 1061 4105 ¹⁰
1097 4074 1460 4144 Saresburye.
1499 4075 1562 4130 C.
1779 4070 1819 4103 ¹¹
1860 4072 2187 4128 Bridewers.
2227 4073 2292 4128 C.
2508 4068 2550 4102 ι’
2586 4069 2805 4139 Regula
2829 4070 3019 4125 Arule.
3058 4071 3122 4125 C.

563 4158 610 4193 ¹⁸
639 4161 788 4216 fideli
811 4161 1069 4231 Anglico.
1108 4163 1173 4217 B.
1647 4159 1689 4192 ¹⁴
1723 4160 1932 4214 erased.
1973 4161 2035 4215 C.
2483 4155 2542 4210 κω
2579 4157 2948 4213 Mountclare.
2988 4159 3051 4212 C.

562 4245 609 4278 ¹⁸
646 4247 829 4304 iacuit.
856 4251 922 4305 C.

1776 4367 1847 4418 ‘S
