4154 4895
629 364 769 414 Aa).
784 363 946 413 1240.

636 1828 861 1905 vim>

634 1910 783 1944 lnce!
806 1908 855 1943 ω

636 3519 949 3572 'translation

638 3588 695 3636 ol*
716 3587 939 3636 Thomu

635 3653 921 3717 Cantilope,

639 3719 900 3835 Ἢωῖ

1000 172 1117 220 102
1865 162 1914 217 ζ’
1914 160 2238 218 HRONIC
2238 160 2360 217 ΟΝ
2401 160 2806 218 GALFRIDI

984 360 1225 426 nobilis
1276 359 1497 426 anima
1563 358 1903 445 indignata
1962 361 2245 438 recessit,
2304 381 2454 427 cum
2519 360 2973 427 defensoribus
3031 372 3097 425 et
3168 315 3548 438 auctorifi'us
3607 357 3699 424 rei

984 482 1295 567 pupplice
1376 482 1748 547 laureanda.
1871 481 2083 547 Erant
2158 482 2402 547 ibidem
2480 480 2885 548 Gallicorum
2961 480 3245 566 amplius
3324 479 3701 565 quingentis

982 616 1386 669 armatorum
1417 615 1484 668 et
1526 602 2013 669 balistariorum
2052 625 2361 669 numerus
2400 606 2684 688 ignotus.
2774 602 3151 688 Sagittariis
3180 601 3444 669 Th0me
3489 602 3698 675 soerat

982 725 1089 790 via
1150 724 1214 789 in
1280 725 1602 790 auxilium
1663 726 1761 789 sui
1821 725 2075 790 domini
2135 725 2464 792 cautelosc
2523 725 2837 809 preclusa,
2897 725 3071 789 unde
3131 722 3242 789 leti
3304 723 3530 789 ianuas
3589 724 3702 788 ille

986 846 1446 930 magnanimus
1526 846 1734 911 suerat
1812 846 2138 930 ingressus
2209 846 2321 930 qui
2396 857 2626 912 contra
2690 845 2977 911 Francos
3040 845 3414 911 innumeros
3479 845 3698 929 preliis

981 968 1256 1033 diversis
1296 967 1746 1052 triumphavit,
1777 980 1978 1052 atque
2022 989 2142 1034 sua
2189 979 2401 1032 morte
2433 967 2737 1051 Anglicis
2772 967 3081 1031 omnibus
3124 987 3352 1051 egrum
3399 967 3696 1033 dolorem

983 1102 1053 1154 et
1101 1087 1374 1154 Gallicis
1425 1090 1741 1171 gaudium
1800 1110 2112 1173 magnum
2169 1087 2547 1175 prestavit¹,
2591 1099 2689 1153 set
2737 1109 2868 1153 non
2914 1089 3263 1166 omnibus;
3336 1100 3477 1154 erat
3521 1089 3698 1152 enim

986 1212 1285 1277 hostibus
1336 1213 1421 1277 de
1474 1209 1650 1276 sacto
1696 1211 2021 1287 terribilis,
2066 1223 2166 1276 set
2217 1231 2474 1276 morum
2529 1212 2968 1294 generositate
3020 1221 3158 1275 tam
3210 1223 3444 1294 captos
3495 1230 3698 1293 quam

985 1332 1248 1417 fugatos
1291 1344 1358 1398 et
1407 1333 1647 1397 liberos
1694 1332 1756 1396 in
1802 1333 1902 1396 sui
1948 1352 2242 1397 amorem
2288 1343 2356 1397 et
2400 1332 2924 1417 compassionem
2974 1332 3203 1397 mortis
3248 1344 3386 1397 tam
3435 1331 3700 1415 indigne

983 1474 1183 1538 quam
1244 1454 1539 1519 animose
1601 1452 1990 1520 conciliavit.
2083 1454 2202 1518 Set
2264 1450 2434 1517 filius
2491 1453 2732 1518 sutoris
2785 1453 3126 1538 triumpho
3183 1452 3466 1537 gavisus,
3525 1454 3702 1516 unde

986 1596 1264 1659 magnus
1325 1577 1627 1660 princeps
1684 1575 1797 1639 vix
1860 1575 2099 1657 dignus
2162 1574 2405 1649 suisset,
2460 1574 2772 1639 invidiam
2839 1574 3237 1640 Francorum
3298 1586 3365 1639 et
3425 1574 3700 1639 odium'

984 1698 1282 1761 omnium
1332 1697 1614 1761 militum
1664 1697 1988 1761 bonorum
2034 1697 2160 1761 sibi
2205 1696 2564 1761 cumulavit
2585 1694 2629 1757 ⁸.

1160 1817 1303 1884 Nec
1336 1817 1548 1883 minus
1585 1816 1822 1884 Gallici
1862 1837 2015 1884 cum
2036 1814 2061 1853 ⁴
2094 1819 2341 1883 comite
2375 1817 2682 1883 Flandrie
2722 1830 2986 1902 treugas
3015 1820 3406 1884 verebantur
3437 1820 3702 1891 violare,

985 1960 1221 2025 nempe
1265 1959 1487 2005 comes
1532 1939 1824 2024 prefatus
1868 1959 2018 2006 eum
2066 1940 2235 2005 duce
2290 1938 2652 2005 Brabancie
2698 1952 2764 2005 et
2812 1941 2956 2005 aliis
3009 1940 3308 2026 plurimis
3357 1943 3443 2006 de
3495 1960 3702 2024 regno

985 2062 1041 2127 F
1046 2062 1277 2135 rancie,
1341 2060 1637 2127 exercitu
1711 2073 2133 2143 congregato,
2195 2061 2430 2125 iterum
2510 2062 2682 2127 circa
2757 2062 2992 2127 festum
3069 2064 3276 2128 sancti
3357 2063 3701 2129 Michaelis

988 2183 1366 2247 Flandriam
1431 2182 1687 2257 invasit,
1730 2193 1795 2246 et
1851 2203 1967 2265 per
2020 2181 2218 2246 salsos
2267 2181 2699 2246 Flandrenses
2746 2183 2870 2247 sibi
2929 2196 3403 2249 consentaneos
3450 2183 3702 2266 Bruges

988 2304 1315 2385 ingressus
1391 2322 1700 2385 magnam
1779 2303 2268 2367 multitudinem
2345 2300 2636 2367 fidelium
2713 2304 2882 2387 regis
2952 2303 3200 2387 Anglie
3270 2304 3522 2370 domini
3599 2306 3700 2369 sui

984 2423 1368 2491 catervatim
1427 2424 1490 2488 in
1543 2444 1771 2489 eorum
1824 2423 2135 2489 domibus
2180 2436 2246 2489 et
2293 2423 2528 2508 plateis
2573 2424 2943 2490 trucidavit.
3039 2424 3126 2491 Et
3176 2426 3350 2491 misit
3398 2426 3570 2490 illis⁸
3615 2429 3702 2492 de

984 2546 1175 2629 Ypro
1231 2556 1297 2610 et
1352 2543 1679 2610 Gandavo
1730 2556 1795 2609 et
1849 2544 1993 2609 aliis
2044 2545 2235 2619 vinis,
2283 2557 2531 2627 petens,
2581 2546 2786 2610 immo
2841 2546 3085 2618 iubens,
3135 2546 3279 2611 illas
3335 2549 3418 2611 eii
3469 2549 3700 2620 reddi:

983 2686 1261 2751 quarum
1332 2666 1557 2742 incole,
1616 2667 1903 2750 acceptis
1964 2665 2258 2740 induciis,
2324 2666 2722 2750 scripserunt
2799 2668 2932 2750 regi
3003 2666 3267 2750 Anglie,
3332 2671 3512 2752 quod
3579 2669 3700 2732 ciis

984 2799 1403 2864 succurreret,
1448 2798 1563 2852 aut
1608 2808 1723 2853 eos
1766 2798 2099 2872 oporteret
2136 2787 2398 2852 comitis
2442 2788 2739 2853 dominio
2781 2801 2847 2853 et
2893 2788 3130 2853 tiranni
3183 2789 3580 2855 Francorum
3631 2809 3700 2853 se

984 2909 1392 2973 submittere.
1487 2908 1575 2973 Et
1610 2908 1758 2973 ideo
1792 2908 1963 2974 circa
2008 2907 2243 2972 l'cstum
2279 2907 2595 2972 Omnium
2637 2908 3028 2974 Sanctorum
3065 2931 3201 2985 rex,
3231 2910 3700 2976 comitantibus

985 3030 1339 3095 comitibus
1374 3029 1753 3095 Lancastrie
1782 3041 1849 3094 et
1883 3028 2294 3094 Suthl'olchie
2330 3042 2393 3093 et
2433 3029 2599 3104 aliis,
2634 3031 2696 3094 in
2732 3029 2785 3092 F
2789 3030 3107 3096 landriam
3141 3030 3600 3104 transfretavit,
3629 3043 3696 3096 et

986 3173 1207 3216 versus
1272 3151 1615 3217 Franciam
1677 3172 1832 3215 suos
1890 3151 2129 3228 duxit3
2200 3151 2390 3226 unde,
2445 3152 2771 3216 renovatis
2829 3153 3074 3236 treugis
3135 3153 3302 3218 inter
3365 3153 3577 3238 ipsum
3630 3165 3696 3216 et

987 3271 1297 3346 Gallicos,
1346 3293 1568 3338 comes
1629 3271 1937 3336 Flandrie
2000 3272 2128 3336 iam
2184 3271 2387 3336 tercio
2440 3272 2616 3355 regie
2671 3272 3015 3338 clementie
3066 3283 3132 3338 et
3185 3273 3484 3340 dominio
3535 3273 3700 3336 suo‘

984 3413 1057 3457 sc
1101 3393 1427 3457 submisit.

1166 3513 1424 3577 Deinde
1466 3513 1553 3578 ad
1599 3512 2130 3597 solempnitatem
2168 3512 2622 3579 translacionis
2663 3513 2868 3581 sancti
2902 3515 3162 3580 Thome
3199 3515 3588 3581 confessoris
3630 3528 3696 3579 et

986 3635 1279 3719 episcopi
1316 3633 1814 3700 Heresordensis
1844 3655 1960 3699 rex
1996 3633 2058 3698 in
2093 3633 2411 3718 Angliam
2447 3655 2752 3712 reversus,
2783 3658 2900 3701 sua
2935 3649 3001 3701 et
3043 3636 3320 3702 aliorum
3355 3658 3696 3722 procerum

988 3757 1169 3840 regni
1216 3758 1457 3822 devota
1502 3756 1835 3840 presencia
1880 3754 2373 3839 solempnizavit
2420 3758 2758 3840 egregium
2807 3757 3045 3822 festum
3091 3757 3584 3824 convivantium
3633 3759 3696 3822 in

988 3879 1305 3942 honorem
1368 3876 1643 3963 predicti
1700 3875 1857 3942 almi
1917 3876 2302 3942 confessoris
2358 3878 2780 3956 celebratum,
2836 3880 2921 3944 ad
2983 3877 3314 3962 largifluas
3371 3900 3700 3966 expensas

994 3996 1297 4063 Nicholai
1342 4000 1428 4064 de
1474 3996 1832 4083 Cantilupo
1876 3998 2158 4076 baronis,
2193 3998 2461 4082 cognati
2508 3998 2710 4086 ipsius
2753 4000 2960 4067 sancti
3006 4000 3286 4068 ‘rhome

1066 4134 1080 4168 ¹
1120 4135 1437 4192 cumulavit.
1478 4138 1541 4192 C.
1633 4134 1656 4169 ’
1692 4154 1797 4190 one.
1840 4138 1903 4192 C.
1996 4135 2015 4166 ⁸
2052 4139 2417 4208 comparavit.
2457 4140 2520 4194 C.
2617 4137 2638 4168 ⁸
2679 4141 2751 4194 in.
2791 4139 2854 4196 C.
2955 4136 2974 4168 ¹
3016 4139 3154 4194 illos.
3195 4139 3260 4194 C.
3357 4139 3376 4164 ⁸
3415 4157 3520 4194 nr.
3563 4141 3626 4194 B.
