4154 4895
574 463 883 515 mam.

578 896 772 950 Fmeh

579 1031 685 1081 into
705 1044 823 1079 eon·

576 1096 754 1147 Mon.

580 1434 887 1488 Pron-os

581 1503 668 1554 tbe
755 1503 862 1553 ’oe

581 1570 640 1620 ot*
725 1567 844 1621 ales.

640 2278 679 2327 l-
703 2273 849 2328 18²⁸.

926 241 1012 321 84
1797 248 1848 305 C
1846 247 2171 306 HRONIC
2170 249 2292 305 ΟΝ
2333 248 2743 306 GALFRIDI

924 451 1108 517 tariis
1145 450 1355 516 eciam
1396 471 1515 515 sua
1552 450 1697 515 loca
1736 449 2180 535 designarunt,
2219 461 2309 527 ut,
2355 470 2485 515 non
2521 470 2741 516 coram
2774 451 3066 529 armatis,
3103 460 3203 517 set
3238 472 3279 517 a
3324 451 3641 518 lateribus

926 574 1097 657 regis
1129 573 1459 638 exercitus
1499 571 1687 656 quasi
1734 570 1838 637 ale
1881 582 2194 649 astarent,
2223 582 2291 636 et
2336 572 2431 638 sic
2476 591 2605 637 non
2654 573 3045 656 impedirent
3090 586 3384 640 armatos
3427 594 3640 659 neque

928 694 1206 761 inimicis
1236 705 1646 760 occurrerent
1679 694 1741 758 in
1778 692 2007 771 fronte,
2038 704 2138 757 set
2171 693 2234 756 in
2268 693 2474 758 latera
2503 693 2780 776 sagittas
2818 692 3258 761 fulminarent.

1105 815 1318 900 Igitur
1361 837 1402 882 a
1449 815 1818 892 balistariis,
1864 826 1935 879 ut
1983 814 2233 880 dictum
2282 825 2401 887 est,
2447 835 2562 899 per
2612 834 2819 897 equos
2865 836 3130 899 grossos
3176 816 3444 883 calcatis
3489 831 3555 883 et
3602 840 3644 883 a

930 937 1283 1003 dextrariis
1328 957 1443 1021 per
1486 936 1764 1020 sagittas
1811 935 2173 1020 perforatis,
2219 935 2444 1017 ingens
2492 934 2704 1001 luctus
2747 937 2832 1000 ad
2879 936 3097 1001 astra¹
3137 936 3409 1014 levatur,
3443 952 3510 1003 et
3554 939 3646 1004 ab

929 1058 1117 1142 equis
1147 1058 1587 1122 titubantibus
1616 1057 1776 1122 aciei
1812 1056 2021 1121 forma
2046 1054 2451 1121 Gallicorum
2484 1056 2701 1122 orride
2731 1057 3052 1122 turbatur.
3145 1057 3316 1124 Cum
3343 1054 3646 1143 Anglicis

930 1179 1204 1245 armatis
1267 1176 1691 1263 confligentes
1747 1177 2101 1254 securibus,
2159 1176 2416 1253 lanceis,
2468 1189 2535 1241 et
2593 1178 2834 1261 gladiis
2893 1189 3408 1263 prosternuntur,
3454 1194 3520 1245 et
3579 1182 3644 1245 in

934 1300 1155 1366 medio
1199 1299 1491 1366 exercitu
1534 1299 1933 1365 Francorum
1975 1297 2164 1363 multi
2202 1297 2559 1382 compressi
2604 1318 2645 1363 a
2683 1299 3104 1365 multitudine
3144 1301 3466 1366 honerosa
3507 1302 3647 1367 sine

936 1421 1171 1487 wlnere
1240 1420 1722 1506 opprimuntur.
1834 1419 1911 1484 In
1978 1430 2119 1483 tam
2194 1419 2340 1484 diro
2413 1439 2764 1502 congressu
2832 1421 3118 1486 acierum
3187 1423 3648 1507 magnanimus

936 1542 1305 1609 Edwardus
1355 1543 1439 1607 de
1486 1539 1914 1618 Wodestoke,
1961 1541 2131 1623 regis
2176 1541 2670 1625 primogenitus,
2715 1562 2917 1625 agens
2961 1553 3118 1609 tunc
3160 1564 3406 1609 annum
3450 1546 3648 1609 etatis

932 1675 1200 1730 sextum
1237 1663 1588 1740 decimum,
1619 1663 1682 1725 in
1714 1662 1928 1746 prima
1956 1662 2258 1727 custodia
2288 1661 2680 1727 ostendebat
2719 1661 2991 1729 Gallicis
3025 1684 3210 1729 suam
3246 1665 3646 1750 probitatem

934 1784 1415 1861 admirandam,
1461 1803 1670 1866 equos
1717 1783 2132 1868 perforando,
2174 1782 2429 1865 equites
2480 1786 2975 1867 prosternendo,
3022 1785 3308 1851 cassides
3357 1807 3650 1870 conqua-

935 1907 1189 1982 ciendo,
1249 1905 1505 1971 lanceas
1569 1906 1952 1981 truncando,
2018 1904 2186 1970 ictus
2250 1905 2547 1969 obiectos
2620 1907 2974 1990 prudenter
3045 1906 3436 1983 frustrando,
3494 1928 3650 1973 suos

938 2027 1243 2104 iuvand0‚
1295 2046 1367 2090 se
1442 2026 1655 2110 ipsum
1721 2025 2155 2101 defendendo,
2219 2026 2469 2092 amicos
2542 2038 2908 2110 prostratos
2979 2029 3310 2111 erigendo,
3375 2042 3442 2093 et
3514 2030 3652 2091 mis

936 2148 1248 2213 omnibus
1283 2146 1673 2231 exemplum
1728 2146 1894 2212 bene
1944 2146 2221 2211 faciendi
2288 2147 2664 2226 exibendo;
2733 2167 2850 2214 nec
2908 2170 2950 2214 a
2996 2160 3186 2214 tanto
3229 2149 3452 2214 labore
3491 2169 3648 2215 con·

936 2268 1206 2353 quievit,
1251 2287 1593 2351 quousque
1640 2267 1884 2332 inimici
1934 2288 2177 2351 aggere
2222 2278 2631 2333 mortuorum
2680 2270 2912 2334 muniti
2957 2290 3029 2334 se
3075 2270 3253 2355 ipsos
3297 2282 3651 2335 retraxere.

940 2389 1043 2456 lbi
1099 2389 1331 2456 didicit
1390 2389 1498 2455 ille
1558 2388 1857 2454 militaris
1921 2387 2132 2455 honor
2185 2389 2527 2472 quomodo
2579 2390 2825 2456 bellum
2886 2392 2972 2457 de
3039 2389 3326 2466 Peitiers,
3387 2392 3452 2456 in
3515 2412 3654 2476 quo

938 2512 1366 2598 postmodum
1401 2531 1620 2594 regem
1656 2510 1928 2575 Francie
1955 2511 2337 2595 captivavit,
2373 2523 2561 2578 actus
2591 2512 2906 2577 militares
2940 2527 3260 2598 expertus
3295 2514 3652 2578 ordinaret.

943 2631 1020 2696 In
1075 2633 1203 2696 isto
1253 2632 1611 2698 certamine
1659 2631 2080 2716 perstiterunt
2128 2633 2436 2698 continue
2482 2653 2633 2698 cum
2691 2633 2902 2699 iuveni
2949 2634 3240 2719 principe
3283 2647 3514 2700 contra
3561 2633 3652 2698 illi

941 2753 1133 2840 pauci
1179 2753 1463 2818 ordinati
1499 2752 1660 2818 aciei
1699 2752 1929 2838 prime,
1964 2773 2133 2836 quos
2170 2751 2407 2818 Gallici
2448 2755 2680 2821 crebro
2718 2756 3111 2820 commutati
3156 2768 3222 2820 et
3261 2777 3383 2840 pro
3421 2755 3652 2820 occisis

941 2885 1056 2940 aut
1098 2874 1280 2938 sessis
1317 2895 1431 2939 seu
1464 2874 1789 2938 wlncratis
1826 2873 2123 2939 retractis
2159 2875 2310 2940 novi
2344 2890 2633 2941 recentes
2667 2888 3196 2960 supervenerunt,
3225 2887 3290 2941 et
3327 2877 3652 2942 continuis

941 2995 1313 3061 accessibus
1351 2995 1443 3059 ita
1471 3006 1837 3080 ocuparunt
1872 2995 2231 3079 principem
2263 3010 2329 3060 et
2361 2997 2485 3060 sibi
2517 3008 2826 3068 astantes,
2856 2999 3038 3080 quod
3081 3019 3198 3082 per
3242 2997 3651 3080 ingruentem

942 3137 1139 3201 super
1172 3115 1355 3180 illum
1382 3115 1624 3181 molem
1648 3115 1937 3180 hostium
1963 3127 2119 3181 tunc
2143 3116 2660 3201 compellebatur
2682 3116 3073 3200 genuflexus
3093 3139 3403 3204 pugnare.
3463 3118 3654 3184 ‘runc

942 3237 1227 3304 cucurrit
1258 3248 1373 3302 aut
1404 3237 1723 3320 equitavit
1755 3235 2058 3319 quidam²
2075 3238 2160 3302 ad
2195 3258 2415 3320 regem
2443 3259 2634 3303 suum
2668 3250 2943 3323 patrem,
2966 3251 3033 3303 et
3068 3253 3300 3323 petens
3328 3239 3654 3304 auxilium

944 3359 1255 3443 exposuit
1284 3358 1643 3444 periculum
1667 3360 1847 3442 quod
1883 3358 2267 3422 imminebat
2290 3380 2408 3423 suo
2433 3359 2876 3444 primogenito
2902 3382 2918 3438 ;
2950 3361 3124 3424 unde
3145 3361 3382 3424 missus
3625 3359 3652 3396 ⁸

944 3500 1094 3545 cum
1144 3500 1263 3543 xx.
1298 3480 1615 3544 militibus
1662 3480 1723 3543 in
1772 3479 2082 3564 principis
2127 3501 2524 3553 succursum,
2557 3481 2798 3545 invenit
2847 3481 3061 3565 ipsum
3108 3493 3174 3545 et
3221 3503 3373 3546 suos
3415 3481 3658 3546 lanceis

944 3612 1011 3664 et
1063 3601 1303 3684 gladiis
1354 3601 1770 3685 appodiatoS,
1818 3621 2013 3685 super
2067 3613 2324 3666 montes
2377 3615 2786 3667 mortuorum
2844 3602 3077 3684 longos
3125 3602 3539 3686 respiracioni
3586 3617 3652 3666 et

946 3722 1151 3804 quieti
1185 3721 1543 3796 inclinatos,
1580 3721 1803 3786 hostes
1842 3734 2156 3787 retractos
2184 3736 2556 3807 expectare.
2647 3722 2760 3789 Sic
2787 3743 2828 3788 a
2857 3722 3014 3787 solis
3053 3743 3289 3788 occasu
3327 3743 3533 3806 usque
3567 3725 3654 3788 ad

948 3843 1217 3908 terciam
1256 3843 1464 3909 noctis
1493 3844 1926 3927 quadrantem
1962 3842 2169 3908 suerat
2201 3843 2482 3908 vicissim
2514 3844 2732 3908 orrida
2769 3842 3004 3908 Martis
3041 3842 3235 3908 facies
3275 3859 3556 3918 ostensa,
3591 3845 3656 3908 in

948 3978 1198 4048 quanto
1244 3976 1542 4048 tempore
1586 3977 1685 4029 ter
1731 3963 1967 4031 Gallici
2015 3978 2273 4029 nostros
2317 3965 2854 4031 exclamaverunt
2901 3965 3243 4042 hostiliter,
3279 3965 3660 4049 quindecies

948 4086 1187 4152 nostris
1234 4085 1543 4150 insultum
1591 4087 1931 4162 dederunt,
1974 4097 2073 4151 set
2121 4087 2389 4152 tandem
2434 4087 2588 4154 victi
2633 4086 3046 4172 abfugerunt.

1377 4221 1394 4254 ⁸
1432 4235 1638 4279 utam.
1680 4223 1743 4278 B.
2169 4220 2191 4256 ⁸
2227 4239 2333 4278 ont.
2377 4225 2439 4280 B.
2866 4219 2892 4254 ⁸
2924 4221 3112 4278 blank.
3153 4223 3218 4279 Β.
