4154 4895
924 240 1047 303 160
1737 244 2213 302 CHRONICUL
2227 245 2357 302 UA!
2399 243 2810 302 GALFRIDI

917 456 1291 519 coronatus.
1385 443 1471 509 Et
1527 443 1764 510 beatus
1811 443 2043 510 Petrus
2092 442 2505 509 Clementem
2558 442 2847 527 elegerat
2871 440 2890 479 ¹
2954 443 3016 506 in
3080 464 3345 527 papam,
3400 456 3626 509 tamen

920 567 1059 650 ipse
1092 564 1335 629 Linum
1369 576 1436 631 ct
1470 563 1884 631 Clementem
1917 579 2071 631 ante
2105 567 2318 650 ipsum
2353 564 2741 650 pontificare
2771 565 3006 647 coegit.
3132 564 3536 647 mcclxxvj.

1091 684 1336 768 lxxxij.
1427 684 1710 752 Sanctus
1748 686 1978 753 Cletus
2027 687 2246 751 Rome
2289 685 2740 771 apostolatum
2785 685 3058 771 accepit,
3089 696 3158 750 et
3199 685 3344 769 xxj.
3376 686 3629 771 presbi-

919 817 1098 871 teros
1131 806 1374 871 ibidem
1408 807 1752 885 ordinavit,
1783 816 1869 885 et,
1901 827 2053 873 cum
2085 808 2365 873 sedisset
2398 828 2515 871 xx.
2545 806 2753 885 annis,
2785 806 3080 871 martirio
3110 818 3486 871 coronatus.

3210 926 3540 992 u.cc.lxv.

1092 1046 1269 1131 xciij.
1364 1048 1608 1113 Beatus
1654 1047 1961 1114 Clemens
2005 1060 2281 1133 quartus
2327 1070 2501 1134 papa
2559 1049 2775 1113 Rome
2820 1047 3270 1133 apostolatum
3320 1049 3632 1132 suscepit.

917 1179 1004 1243 et,
1036 1188 1187 1235 cum
1223 1169 1466 1234 ibidem
1499 1172 1775 1236 sedisset
1816 1172 1904 1234 ix.
1934 1172 2141 1245 annis,
2177 1171 2469 1236 martirio
2499 1182 2598 1235 est
2630 1182 3006 1236 coronatus.
3209 1169 3540 1252 acoliiij.

1093 1289 1288 1372 xcvij.
1382 1289 1711 1356 Iohannes
1740 1291 2164 1373 ewangelista
2211 1291 2274 1355 in
2311 1290 2579 1356 Patmos
2612 1288 2822 1355 insula
2863 1289 2988 1353 sub
3021 1288 3419 1355 Domitiano
3467 1288 3632 1355 rele-

922 1420 1136 1493 gatur.
1228 1410 1317 1475 Et
1352 1411 1659 1495 proximo
1695 1433 1871 1477 anno
1900 1412 1985 1476 de
2015 1412 2223 1477 exilio
2252 1414 2337 1476 ad
2375 1412 2718 1496 Ephesum
2753 1412 3115 1475 revertitur.
3307 1410 3539 1474 n.cc.l.

1098 1532 1322 1613 exvij.
1416 1530 1661 1597 Beatus
1710 1531 2039 1597 Iohannes
2085 1532 2426 1617 apostolus
2486 1543 2554 1596 et
2614 1531 3038 1615 evangelista,
3098 1552 3139 1595 a
3201 1530 3494 1595 Domino
3541 1532 3628 1595 ad

924 1651 1166 1717 celeste
1196 1653 1567 1718 convivium
1602 1653 1930 1725 invitatus,
1971 1654 2033 1717 in
2066 1673 2229 1736 pace
2262 1652 2599 1736 requievit.
3179 1666 3540 1715 mccxxx.

1099 1772 1301 1837 c.lxv.
1392 1772 1762 1840 Annicetus
1792 1794 1965 1857 papa
2000 1774 2233 1838 statuit
2270 1785 2341 1839 ut
2373 1773 2587 1839 cleriei
2623 1765 2804 1861 [nec]
2836 1792 3098 1838 comam
3127 1772 3484 1839 innutriant
3511 1793 3634 1838 nec

925 1893 1221 1971 barbam,
1251 1905 1348 1958 set
1379 1893 1559 1978 quod
1591 1914 1820 1959 omnes
1850 1893 2140 1959 habeant
2171 1915 2447 1960 coronas
2477 1895 2563 1959 ad
2598 1894 2875 1959 modum
2907 1913 3097 1977 spere
3131 1896 3466 1959 rotundas.

3157 2014 3544 2078 mclxxxi‘.

1100 2134 1351 2199 ccxlv.
1410 2134 1753 2220 Philippus
1782 2134 1961 2218 xliju
1987 2136 2348 2220 imperator
2368 2146 2510 2201 erat
2542 2134 2792 2220 primus
2817 2134 3174 2218 imperator
3197 2036 3636 2207 Christianus,

925 2276 963 2319 a
995 2255 1194 2321 beato
1227 2255 1468 2321 Poncio
1494 2258 1756 2321 martire
1787 2257 2176 2341 baptizatus.
2270 2256 2578 2341 Origines
2623 2254 2864 2320 floruit.
3331 2258 3544 2339 κρῆ.

1103 2375 1358 2459 cc.lxij.
1480 2376 1727 2442 Beatus
1802 2376 2035 2443 Sixtus
2104 2378 2320 2443 Rome
2391 2378 2845 2463 apostolatum
2918 2378 3223 2464 suscepit,
3290 2378 3423 2447 ubi.
3481 2398 3634 2444 cum

930 2497 1209 2564 sedisset
1253 2497 1388 2562 sere
1432 2498 1519 2580 iij.
1564 2500 1770 2576 annis,
1814 2520 1964 2565 cum
2012 2501 2258 2566 sanctis
2302 2500 2707 2566 Felicissimo
2751 2512 2817 2566 et
2863 2500 3186 2586 Agapito,
3232 2500 3406 2563 iussu
3447 2500 3634 2564 Decii

933 2620 1347 2703 imperatoris
1379 2618 1758 2685 decollatur.
1852 2619 2112 2686 Eodem
2158 2641 2336 2687 anno
2376 2635 2443 2688 et
2489 2622 2616 2687 sub
2658 2623 2895 2687 eodem
2945 2634 3365 2707 persecutore
3399 2623 3636 2685 beatus

936 2740 1340 2806 Laurencius
1373 2741 1834 2806 martirizatus,
3227 2741 3543 2806 M.lxxxv.

1105 2859 1306 2944 ccc.j.
1396 2861 1587 2926 Beati
1620 2861 2030 2934 Vincencius,
2064 2861 2437 2939 Gervasius,
2468 2875 2532 2928 et
2568 2863 2969 2936 Prothasius.
2999 2863 3394 2948 Gorgonius,
3424 2863 3634 2947 Quin.

930 2983 1127 3056 tinus,
1165 2982 1592 3066 Grisogonus,
1643 2984 2020 3056 Anastasia,
2067 2982 2321 3067 Agnes,
2366 2995 2433 3050 et
2483 2984 2679 3050 beata
2723 2984 3019 3068 Agatha,
3064 2985 3188 3048 sub
3231 2985 3637 3051 Diocliciano

932 3104 1312 3170 martirizati
1344 3115 1515 3169 sunt.
3304 3106 3545 3187 mxlvi.

1109 3225 1360 3308 ccc.iij.
1431 3223 1625 3289 Miles
1658 3223 1926 3300 Christi,
1956 3225 2285 3308 gloriosus
2327 3226 2553 3291 martir
2584 3225 2928 3310 Georgius,
2959 3227 3082 3290 sub
3117 3225 3526 3292 Diocliciano
3570 3239 3636 3290 et

939 3347 1353 3412 Maximiano
1385 3346 1891 3430 imperatoribus
1923 3347 2422 3412 martirizatur².
3281 3347 3546 3429 u.xliiij.

1110 3469 1363 3532 cccix.
1457 3467 1705 3534 Sancta
1752 3467 2079 3532 Katerina
2110 3470 2297 3550 virgo
2337 3468 2462 3533 sub
2505 3467 2877 3546 Maxentio,
2908 3467 3293 3552 impiissimo
3339 3489 3640 3552 persecu·

932 3599 1078 3654 tore
1111 3587 1655 3662 Christianorum,
1685 3587 2069 3653 decollatur.
3184 3591 3550 3670 mxxxvii}

1105 3725 1331 3774 cccx.
1424 3709 1750 3774 Eusebius
1791 3730 1965 3794 papa
2004 3708 2184 3793 apud
2237 3710 2525 3776 Romam
2565 3710 3022 3795 pontificatum
3058 3711 3332 3794 accepit.
3427 3709 3640 3774 liuius

933 3845 1236 3916 tempore
1288 3832 1551 3897 inventa
1600 3831 1722 3895 fuit
1774 3845 2002 3897 sancta
2054 3852 2263 3908 crux;
2331 3844 2398 3897 et
2447 3833 2600 3896 ideo
2646 3833 2926 3897 instituit
2995 3833 3444 3897 invencionem
3503 3833 3644 3895 eius

930 3952 1266 4018 celebrari.
3167 3951 3486 4034 n.xxxvij
3507 3954 3549 4013 ⁸.

1107 4087 1378 4138 cccxv.
1469 4073 1536 4138 A
1578 4074 2075 4139 consecracione
2110 4073 2470 4138 beatissimi
2505 4073 2822 4144 Silvestri,
2853 4073 3032 4138 urbis
3074 4073 3290 4138 Rome
3330 4075 3644 4158 episcopi.

934 4195 1188 4258 Omnes
1222 4193 1507 4258 Romani
1539 4194 1829 4279 episcopi
1863 4209 2017 4259 ante
2051 4195 2250 4259 istum
2285 4195 2580 4260 martirio
2608 4197 3094 4260 coronabantur
3113 4193 3161 4259 ⁴.
3253 4195 3554 4274 λευκῇ.

1052 4331 1065 4360 ¹
1105 4331 1335 4398 eligerit.
1380 4332 1439 4384 B.
1620 4331 1641 4361 ¹
1678 4331 2098 4388 martirizantur.
2131 4334 2190 4386 B.
2375 4331 2394 4362 ³
2438 4332 2736 4404 Maus-iij.
2779 4334 2840 4388 B.
3020 4333 3040 4361 ⁸
3077 4333 3444 4386 coronabatur
3475 4333 3534 4386 Β.
