4154 4895
948 271 1034 348 46
1844 280 1894 337 C
1892 280 2216 337 HRONIC
2216 280 2339 338 ΟΝ
2378 280 2788 337 GALFMDJ

590 494 732 545 Δ».
748 494 906 544 1880.
945 476 1032 542 ad
1095 478 1333 563 regalis
1375 477 1713 565 sanguinis
1756 475 2307 545 demolicionem¹
2354 489 2420 543 et
2469 478 2645 562 regie
2707 478 3094 563 magestatis
3156 481 3658 566 usurpacioncm

591 624 842 692 Aplotis
943 598 1255 665 anelaret.
1344 599 1606 667 Terruit
1653 601 1775 666 iste
1821 621 2117 665 murmur
2161 620 2351 664 aures
2401 598 2655 683 regales
2712 612 2778 665 et
2848 601 3020 685 regis
3080 602 3351 679 amicos,
3411 603 3658 671 ncilioet

589 690 786 873 ff}
944 718 1352 786 willelmum
1398 723 1484 787 de
1532 723 1765 788 Monte
1822 732 2039 797 acuto,
2087 718 2492 785 Edwardum
2552 720 2637 786 de
2699 720 2936 786 Bohun
2996 734 3062 786 et
3122 721 3338 788 alios’
3396 724 3531 807 qui,
3591 725 3656 789 in

940 839 1220 906 salutem
1272 842 1441 925 regis
1500 842 1838 919 coniurati,
1889 841 2190 906 arbitrati
2251 852 2422 917 sunt,
2480 852 2546 905 et
2607 840 2793 919 iuste,
2845 842 3238 926 obsequium
3293 842 3524 909 salutis
3584 865 3658 910 oe

940 962 1328 1046 prestituros
1388 984 1608 1045 regno,
1653 962 1705 1027 si
1768 962 1876 1027 ille
1920 963 2005 1027 de
2053 961 2327 1026 Mortuo
2372 961 2536 1025 mari
2585 961 2780 1027 morti
2826 962 3370 1029 committeretur.
3478 962 3656 1029 Con·

936 1080 1156 1147 aulunt
1204 1084 1329 1148 sibi
1378 1081 1801 1148 adiuratum³
1840 1083 2208 1148 Robcrtum
2249 1081 2335 1146 de
2375 1080 2640 1147 Heland
2661 1081 2708 1157 ⁴,
2744 1083 2856 1166 qui
2903 1082 3279 1167 speculator
3314 1084 3538 1149 extitit
3586 1083 3652 1149 in

939 1214 1157 1268 castro
1188 1225 1304 1288 per
1342 1204 1586 1270 multos
1615 1224 1823 1269 annos
1858 1216 1925 1268 et
1955 1203 2057 1268 cui
2100 1203 2324 1267 omnia
2365 1201 2750 1268 diverticula
2787 1203 2984 1268 castri
3019 1203 3454 1270 secretissima
3491 1220 3652 1271 nota

938 1323 1214 1399 suerunt,
1244 1327 1587 1408 quomodo
1605 1327 1690 1389 de
1721 1338 1912 1390 nocte
1942 1324 2027 1388 ad
2061 1342 2389 1388 mmeram
2416 1323 2635 1405 regine
2665 1324 2749 1387 de
2780 1323 3109 1389 territorio
3127 1336 3320 1389 extra
3342 1338 3652 1401 castrum,

937 1444 1077 1509 sine
1135 1446 1303 1510 scitu
1361 1445 1734 1521 ianitorum,
1794 1465 1911 1509 rex
1977 1455 2044 1509 et
2089 1444 2188 1508 sui
2234 1443 2429 1508 amici
2497 1445 2754 1509 aditum
2821 1444 3159 1510 haberent.
3250 1444 3650 1529 Speculator

937 1565 1270 1649 predictus
1306 1568 1651 1632 torticibua
1694 1566 1983 1632 accensis
2027 1565 2220 1629 duxit
2266 1564 2608 1629 dominum
2653 1585 2844 1629 auum
2892 1585 3111 1649 regem
3153 1586 3269 1650 per
3304 1568 3646 1650 quoddam

937 1686 1057 1750 iter
1109 1699 1429 1751 secretum
1476 1688 1992 1763 subterraneum,
2048 1686 2230 1769 quod
2293 1685 2516 1769 incipit
2577 1706 2617 1750 a
2665 1686 2935 1750 remotis
2999 1698 3192 1751 extra
3237 1700 3524 1751 castrum
3578 1702 3644 1753 ct

935 1808 1326 1872 terminatur
1344 1809 1427 1873 ad
1452 1809 1739 1873 medium
1772 1806 2050 1891 coquine
2072 1806 2175 1870 vel
2207 1805 2357 1870 aule
2382 1806 2575 1872 turria
2613 1805 3007 1891 principalia,
3028 1807 3140 1870 ubi
3167 1803 3321 1871 suit⁸
3354 1808 3644 1895 oepitata

936 1928 1179 2011 regina.
1290 1929 1396 1992 De
1429 1930 1648 1994 medio
1680 1929 1877 2011 igitur
1907 1928 2111 1992 fundo
2146 1940 2212 1992 et
2250 1927 2516 1991 tramite
2550 1927 2974 1991 subterraneo
3007 1927 3432 2011 prosilientes,
3470 1929 3644 2011 regis

933 2049 1125 2114 amici
1172 2052 1259 2114 ad
1304 2069 1632 2115 cameram
1681 2050 1919 2133 regine,
1962 2067 2165 2132 quam
2213 2068 2330 2131 per
2376 2046 2502 2113 Dei
2547 2048 2836 2130 graciam
2899 2047 3275 2113 invenerunt
3320 2062 3642 2133 apertam,

932 2170 1168 2234 armati
1206 2171 1449 2235 strictis
1484 2171 1747 2234 ensibus
1786 2168 2375 2254 proficissebantur,
2408 2190 2559 2251 rege
2594 2170 2806 2233 eciam
2837 2183 3096 2233 armato
3125 2180 3317 2233 extra
3348 2169 3638 2235 hostium

932 2309 1208 2367 camere,
1268 2312 1349 2355 ne
1414 2313 1453 2356 a
1522 2303 1731 2356 matre
1787 2312 1907 2355 aua
1968 2291 2315 2367 videretur,
2373 2302 2791 2373 expectante.
2913 2289 3196 2373 Ingreaai
3263 2290 3638 2356 occiderunt

935 2411 1290 2494 Hugonem
1337 2414 1421 2477 de
1467 2410 1927 2497 Turpintone⁸
1973 2410 2270 2488 militem,
2317 2410 2758 2476 resistenciam
2803 2410 2922 2475 eiis
2981 2409 3214 2476 inferre
3266 2424 3638 2488 conantem,

930 2534 1202 2599 domino
1253 2534 1546 2600 Iohanne
1605 2536 1690 2600 de
1758 2532 2017 2598 Neville
2075 2535 2160 2598 de
2229 2533 2552 2616 Horncby
2613 2533 2814 2597 ictum
2876 2530 3264 2616 dirigente².
3375 2531 3637 2598 Deinde

933 2655 1313 2721 invenerunt
1346 2657 1635 2738 reginam
1671 2666 1947 2720 matrem
1979 2655 2167 2738 quasi
2189 2655 2213 2690 ⁸
2247 2665 2546 2738 paratam
2572 2653 2657 2717 ad
2691 2652 2841 2718 lecti
2875 2672 3200 2737 soporem,
3222 2663 3288 2716 et
3319 2653 3636 2718 comitem

582 2765 858 2883 am·
934 2776 1230 2842 Marchie
1247 2797 1443 2861 quem
1465 2775 1775 2842 volebant
1802 2801 1819 2854 3
1850 2789 1917 2841 et
1941 2787 2211 2859 captum
2244 2794 2466 2839 aecum
2491 2774 2912 2839 abducebant
2947 2774 3011 2836 in
3042 2772 3283 2846 aulam,
3303 2773 3634 2839 clamante

932 2898 1191 2982 regina:
1221 2905 1237 2930 ⁸
1262 2896 1420 2962 Beal
1471 2896 1600 2974 fitz,
1630 2895 1779 2962 beal
1819 2896 1949 2972 fitz,
1980 2897 2116 2960 eiez
2151 2896 2311 2980 pitie
2341 2896 2427 2959 dc
2462 2894 2669 2978 gentil
2705 2890 3159 2978 Mortymer.’⁹
3236 2891 3631 2978 Suspectam

929 3020 1099 3084 enim
1121 3019 1349 3085 habuit
1375 3017 1488 3081 filii
1510 3017 1931 3102 presenciam,
1953 3037 2153 3101 quam
2187 3015 2381 3082 oculo
2412 3016 2610 3081 non¹⁰
2635 3015 2944 3100 percepit.
3039 3014 3318 3079 Mittunt
3338 3014 3634 3080 celeriter

928 3162 1050 3226 pro
1095 3139 1388 3206 clavibus
1430 3139 1648 3216 castri,
1691 3159 1954 3203 omnem
2006 3137 2408 3202 firmaturam
2449 3136 2572 3201 loci
2623 3138 2686 3200 in
2735 3156 2967 3201 manua
3013 3136 3225 3218 regias
3281 3137 3632 3220 capientes,

928 3275 1025 3327 set
1065 3261 1156 3326 ita
1186 3273 1432 3326 secrete
1463 3262 1642 3344 quod
1674 3260 1800 3349 hpc
1831 3257 1990 3324 nulli
2024 3259 2239 3343 patuit
2275 3271 2467 3323 extra
2508 3270 2814 3334 castrum,
2852 3256 2971 3321 nisi
3007 3255 3177 3340 regia
3205 3257 3455 3321 amicis.

578 3373 815 3490 med
1104 3383 1182 3448 In
1213 3404 1449 3448 aurora
1479 3382 1763 3448 crastina
1795 3381 2056 3445 hutoeio
2087 3393 2152 3444 et
2184 3378 2433 3445 orribili
2466 3378 2773 3454 clamore,
2806 3378 2951 3462 ipso
2974 3377 3217 3443 comite
3251 3376 3630 3443 hnmstrie

578 3505 874 3556 “m-
928 3513 1057 3577 iam
1097 3533 1253 3578 ceco
1289 3512 1675 3586 hutesiante,
1710 3512 2045 3574 adducunt
2097 3502 2497 3596 R[0gcrum]
2543 3508 2626 3572 de
2675 3507 2945 3571 Mortuo
2992 3505 3153 3571 mari
3190 3517 3256 3570 ct
3302 3507 3627 3589 quosdam

931 3632 1098 3698 alios
1133 3634 1384 3698 amicos
1424 3632 1564 3696 eius
1593 3649 1813 3696 secum
1848 3642 2081 3714 captos
2113 3651 2226 3713 per
2261 3623 2815 3710 Lowhtobergh¹¹
2847 3641 2912 3691 et
2951 3626 3372 3691 Leicestriam
3405 3647 3632 3692 veram

932 3753 1333 3828 LondoniaS,
1366 3753 1477 3816 ubi
1512 3752 1575 3816 in
1607 3751 1769 3816 turri
1794 3749 1839 3788 ¹¹
1870 3763 1941 3815 ut
1973 3752 2313 3832 quondam
2345 3749 2711 3832 antiquitus
2740 3748 2979 3814 carceri
3015 3747 3166 3812 suit*
3197 3747 3628 3832 mancipatur,

996 3932 1013 3968 ¹
1052 3932 1496 3988 devolucionem.
1524 3933 1587 3987 C.
1730 3927 1751 3963 ²
1786 3943 2019 3984 ceteros.
2050 3931 2112 3983 B.
2255 3925 2276 3958 ⁸
2313 3927 2630 3983 adiuratum
2659 3926 3000 3980 Willelmum
3026 3924 3098 3980 de
3129 3925 3326 3980 Monte
3349 3933 3532 3978 acuto.
3562 3923 3628 3978 C.

998 4023 1019 4054 ⁴
1060 4021 1308 4077 Holand.
1347 4022 1411 4076 C.
1482 4017 1505 4050 ⁸
1539 4031 1677 4075 erat.
1705 4019 1770 4074 C.
1844 4017 1865 4046 ⁶
1903 4020 2283 4086 Turpyntone.
2323 4017 2387 4072 C.
2469 4012 2488 4044 ¹
2525 4015 2652 4086 Joh.
2683 4015 2898 4083 Nes-yle
2925 4015 2996 4069 de
3029 4012 3281 4068 Hornebi
3309 4011 3402 4067 mn
3427 4011 3531 4066 dir.
3559 4012 3626 4068 C.

996 4107 1016 4138 ¹
1055 4128 1161 4164 one.
1212 4112 1275 4164 13.
1467 4107 1490 4138 ⁹
1526 4109 1689 4163 Bealz
1716 4107 1797 4170 fir,
1824 4106 1977 4160 bealz
2004 4105 2106 4176 fyr,
2128 4117 2282 4174 eyetz
2311 4105 2425 4177 pite
2449 4103 2518 4159 de
2545 4103 2728 4172 gemit
2758 4103 3080 4158 Mortemer.
3119 4101 3183 4157 C.

1000 4197 1041 4228 '⁶
1076 4198 1234 4252 oculo
1258 4193 1393 4266 non]
1421 4196 1729 4250 oculorum.
1766 4195 1831 4250 C.

1000 4285 1036 4318 ¹¹
1088 4285 1201 4342 The
1226 4285 1409 4338 letters
1442 4285 1521 4339 Lo
1546 4301 1643 4336 are
1672 4284 1897 4336 written
1923 4299 1987 4336 as
2016 4282 2079 4346 B,
2103 4283 2166 4334 r'n
2197 4282 2240 4336 B
2270 4301 2285 4348 ς
2325 4279 2720 4336 Lovhtoborh.
2760 4279 2823 4336 C.
3057 4275 3097 4310 ¹³
3133 4287 3301 4346 turry.
3345 4275 3408 4331 Β.
