<?xml version="1.0" encoding="UTF-8"?>
<!DOCTYPE html PUBLIC "-//W3C//DTD XHTML 1.0 Transitional//EN"
    "http://www.w3.org/TR/xhtml1/DTD/xhtml1-transitional.dtd">
<html xmlns="http://www.w3.org/1999/xhtml" xml:lang="en" lang="en">
 <head>
  <title>
</title>
<meta http-equiv="Content-Type" content="text/html;charset=utf-8" />
  <meta name='ocr-system' content='tesseract 3.04.00' />
  <meta name='ocr-capabilities' content='ocr_page ocr_carea ocr_par ocr_line ocrx_word'/>
</head>
<body>
  <div class='ocr_page' id='page_1' title='image "./chronicongalfri01thomgoog_0233.png"; bbox 0 0 4154 4895; ppageno 0'>
   <div class='ocr_carea' id='block_1_1' title="bbox 1280 265 3268 346">
    <p class='ocr_par' dir='ltr' id='par_1_1' title="bbox 1280 265 3268 346">
     <span class='ocr_line' id='line_1_1' title="bbox 1280 265 3268 346; baseline 0.002 -27"><span class='ocrx_word' id='word_1_1' title='bbox 1280 266 1564 322; x_wconf 85' lang='lat' dir='ltr'><em>NOTES</em></span> <span class='ocrx_word' id='word_1_2' title='bbox 1608 266 1796 321; x_wconf 78' lang='grc' dir='ltr'>ΛΝΒ</span> <span class='ocrx_word' id='word_1_3' title='bbox 1838 265 2538 324; x_wconf 84' lang='lat' dir='ltr'><em>ILLUSTRATIONS.</em></span> <span class='ocrx_word' id='word_1_4' title='bbox 3153 278 3268 346; x_wconf 74' lang='lat'>199</span> 
     </span>
    </p>
   </div>
   <div class='ocr_carea' id='block_1_2' title="bbox 698 427 3277 1468">
    <p class='ocr_par' dir='ltr' id='par_1_2' title="bbox 698 427 3277 1468">
     <span class='ocr_line' id='line_1_2' title="bbox 700 427 3267 501; baseline 0 -17"><span class='ocrx_word' id='word_1_5' title='bbox 700 428 900 484; x_wconf 81' lang='lat' dir='ltr'>Mariae</span> <span class='ocrx_word' id='word_1_6' title='bbox 927 429 1285 498; x_wconf 85' lang='lat' dir='ltr'>Magdalenae</span> <span class='ocrx_word' id='word_1_7' title='bbox 1313 427 1405 498; x_wconf 93' lang='lat'>[23</span> <span class='ocrx_word' id='word_1_8' title='bbox 1430 430 1574 499; x_wconf 89' lang='lat' dir='ltr'>July‚</span> <span class='ocrx_word' id='word_1_9' title='bbox 1607 427 1764 499; x_wconf 92' lang='lat'>1329]</span> <span class='ocrx_word' id='word_1_10' title='bbox 1792 429 2023 500; x_wconf 89' lang='lat' dir='ltr'>quidam</span> <span class='ocrx_word' id='word_1_11' title='bbox 2051 430 2120 484; x_wconf 86' lang='lat' dir='ltr'>R.</span> <span class='ocrx_word' id='word_1_12' title='bbox 2145 430 2218 485; x_wconf 91' lang='lat' dir='ltr'>de</span> <span class='ocrx_word' id='word_1_13' title='bbox 2248 429 2513 485; x_wconf 79' lang='lat' dir='ltr'>Hatfelde</span> <span class='ocrx_word' id='word_1_14' title='bbox 2541 430 2692 486; x_wconf 87' lang='lat' dir='ltr'>venit</span> <span class='ocrx_word' id='word_1_15' title='bbox 2717 429 2790 486; x_wconf 90' lang='lat' dir='ltr'>de</span> <span class='ocrx_word' id='word_1_16' title='bbox 2814 430 2968 487; x_wconf 82' lang='lat' dir='ltr'>curia</span> <span class='ocrx_word' id='word_1_17' title='bbox 2992 432 3267 501; x_wconf 82' lang='lat' dir='ltr'>Romana,</span> 
     </span>
     <span class='ocr_line' id='line_1_3' title="bbox 698 511 3269 591; baseline 0.001 -19"><span class='ocrx_word' id='word_1_18' title='bbox 698 518 880 572; x_wconf 78' lang='lat' dir='ltr'>serens</span> <span class='ocrx_word' id='word_1_19' title='bbox 916 516 1127 572; x_wconf 85' lang='lat' dir='ltr'>litteras</span> <span class='ocrx_word' id='word_1_20' title='bbox 1162 516 1530 572; x_wconf 84' lang='lat' dir='ltr'>absolutionis</span> <span class='ocrx_word' id='word_1_21' title='bbox 1566 528 1623 573; x_wconf 91' lang='lat' dir='ltr'>et</span> <span class='ocrx_word' id='word_1_22' title='bbox 1659 517 2020 588; x_wconf 86' lang='lat' dir='ltr'>poenitentiae,</span> <span class='ocrx_word' id='word_1_23' title='bbox 2046 517 2119 572; x_wconf 90' lang='lat' dir='ltr'>de</span> <span class='ocrx_word' id='word_1_24' title='bbox 2154 535 2225 573; x_wconf 90' lang='lat' dir='ltr'>eo</span> <span class='ocrx_word' id='word_1_25' title='bbox 2262 518 2412 589; x_wconf 89' lang='lat' dir='ltr'>quod</span> <span class='ocrx_word' id='word_1_26' title='bbox 2451 511 2611 574; x_wconf 81' lang='lat' dir='ltr'>suerit</span> <span class='ocrx_word' id='word_1_27' title='bbox 2652 536 2795 574; x_wconf 91' lang='lat' dir='ltr'>unus</span> <span class='ocrx_word' id='word_1_28' title='bbox 2835 520 2907 574; x_wconf 91' lang='lat' dir='ltr'>de</span> <span class='ocrx_word' id='word_1_29' title='bbox 2944 519 3138 590; x_wconf 89' lang='lat' dir='ltr'>primis</span> <span class='ocrx_word' id='word_1_30' title='bbox 3174 519 3269 591; x_wconf 87' lang='lat' dir='ltr'>qui</span> 
     </span>
     <span class='ocr_line' id='line_1_4' title="bbox 698 603 3269 677; baseline 0 -17"><span class='ocrx_word' id='word_1_31' title='bbox 698 622 901 660; x_wconf 90' lang='lat' dir='ltr'>manus</span> <span class='ocrx_word' id='word_1_32' title='bbox 937 605 1209 661; x_wconf 89' lang='lat' dir='ltr'>violenter</span> <span class='ocrx_word' id='word_1_33' title='bbox 1250 603 1556 676; x_wconf 88' lang='lat' dir='ltr'>injecerunt</span> <span class='ocrx_word' id='word_1_34' title='bbox 1594 604 1652 659; x_wconf 90' lang='lat' dir='ltr'>in</span> <span class='ocrx_word' id='word_1_35' title='bbox 1696 604 2023 676; x_wconf 90' lang='lat' dir='ltr'>episcopum</span> <span class='ocrx_word' id='word_1_36' title='bbox 2065 606 2462 674; x_wconf 88' lang='lat' dir='ltr'>Exoniensem,</span> <span class='ocrx_word' id='word_1_37' title='bbox 2487 617 2561 674; x_wconf 89' lang='lat' dir='ltr'>et,</span> <span class='ocrx_word' id='word_1_38' title='bbox 2588 618 2648 663; x_wconf 92' lang='lat' dir='ltr'>ut</span> <span class='ocrx_word' id='word_1_39' title='bbox 2698 606 2936 677; x_wconf 82' lang='lat' dir='ltr'>ipsemet</span> <span class='ocrx_word' id='word_1_40' title='bbox 2973 608 3269 675; x_wconf 83' lang='lat' dir='ltr'>fatebatur,</span> 
     </span>
     <span class='ocr_line' id='line_1_5' title="bbox 701 692 3267 765; baseline 0.001 -18"><span class='ocrx_word' id='word_1_41' title='bbox 701 710 802 764; x_wconf 90' lang='lat' dir='ltr'>per</span> <span class='ocrx_word' id='word_1_42' title='bbox 824 692 1073 749; x_wconf 92' lang='lat' dir='ltr'>medium</span> <span class='ocrx_word' id='word_1_43' title='bbox 1098 692 1224 748; x_wconf 91' lang='lat' dir='ltr'>colli</span> <span class='ocrx_word' id='word_1_44' title='bbox 1251 710 1380 749; x_wconf 91' lang='lat' dir='ltr'>cum</span> <span class='ocrx_word' id='word_1_45' title='bbox 1406 695 1628 749; x_wconf 87' lang='lat' dir='ltr'>cultello</span> <span class='ocrx_word' id='word_1_46' title='bbox 1653 693 1925 764; x_wconf 87' lang='lat' dir='ltr'>percussit</span> <span class='ocrx_word' id='word_1_47' title='bbox 1950 710 1964 760; x_wconf 79' lang='lat'>3</span> <span class='ocrx_word' id='word_1_48' title='bbox 2002 695 2151 748; x_wconf 88' lang='lat' dir='ltr'>unde</span> <span class='ocrx_word' id='word_1_49' title='bbox 2175 694 2358 748; x_wconf 91' lang='lat' dir='ltr'>nudus</span> <span class='ocrx_word' id='word_1_50' title='bbox 2383 704 2438 749; x_wconf 91' lang='lat' dir='ltr'>et</span> <span class='ocrx_word' id='word_1_51' title='bbox 2464 693 2823 750; x_wconf 88' lang='lat' dir='ltr'>discalciatus</span> <span class='ocrx_word' id='word_1_52' title='bbox 2849 695 3267 765; x_wconf 86' lang='lat' dir='ltr'>processionem</span> 
     </span>
     <span class='ocr_line' id='line_1_6' title="bbox 699 780 3275 853; baseline 0 -17"><span class='ocrx_word' id='word_1_53' title='bbox 699 781 1052 846; x_wconf 85' lang='lat' dir='ltr'>antecedens,</span> <span class='ocrx_word' id='word_1_54' title='bbox 1095 781 1448 851; x_wconf 88' lang='lat' dir='ltr'>disciplinam</span> <span class='ocrx_word' id='word_1_55' title='bbox 1490 788 1530 835; x_wconf 71' lang='lat' dir='ltr'>a‘</span> <span class='ocrx_word' id='word_1_56' title='bbox 1569 780 1986 853; x_wconf 86' lang='lat' dir='ltr'>poenitentiario</span> <span class='ocrx_word' id='word_1_57' title='bbox 2037 780 2096 835; x_wconf 89' lang='lat' dir='ltr'>in</span> <span class='ocrx_word' id='word_1_58' title='bbox 2146 781 2331 836; x_wconf 91' lang='lat' dir='ltr'>medio</span> <span class='ocrx_word' id='word_1_59' title='bbox 2381 781 2635 837; x_wconf 86' lang='lat' dir='ltr'>ecclesiae</span> <span class='ocrx_word' id='word_1_60' title='bbox 2683 782 3089 853; x_wconf 86' lang='lat' dir='ltr'>accepit.’—(p.</span> <span class='ocrx_word' id='word_1_61' title='bbox 3128 781 3275 852; x_wconf 86' lang='lat'>345.)</span> 
     </span>
     <span class='ocr_line' id='line_1_7' title="bbox 703 867 3277 940; baseline 0.001 -17"><span class='ocrx_word' id='word_1_62' title='bbox 703 869 720 898; x_wconf 77' lang='lat'>⁸</span> <span class='ocrx_word' id='word_1_63' title='bbox 739 870 805 923; x_wconf 91' lang='lat' dir='ltr'>In</span> <span class='ocrx_word' id='word_1_64' title='bbox 829 868 973 924; x_wconf 81' lang='lat' dir='ltr'>sesto</span> <span class='ocrx_word' id='word_1_65' title='bbox 999 868 1180 924; x_wconf 91' lang='lat' dir='ltr'>sancti</span> <span class='ocrx_word' id='word_1_66' title='bbox 1207 869 1490 925; x_wconf 91' lang='lat' dir='ltr'>Laurentii</span> <span class='ocrx_word' id='word_1_67' title='bbox 1520 868 1615 939; x_wconf 93' lang='lat'>[10</span> <span class='ocrx_word' id='word_1_68' title='bbox 1632 871 1775 939; x_wconf 85' lang='lat' dir='ltr'>Aug.</span> <span class='ocrx_word' id='word_1_69' title='bbox 1802 867 1962 938; x_wconf 89' lang='lat'>1330]</span> <span class='ocrx_word' id='word_1_70' title='bbox 1992 869 2144 924; x_wconf 90' lang='lat' dir='ltr'>venit</span> <span class='ocrx_word' id='word_1_71' title='bbox 2171 868 2402 939; x_wconf 86' lang='lat' dir='ltr'>quidam</span> <span class='ocrx_word' id='word_1_72' title='bbox 2426 869 2707 940; x_wconf 85' lang='lat' dir='ltr'>poenitens</span> <span class='ocrx_word' id='word_1_73' title='bbox 2734 871 2807 926; x_wconf 89' lang='lat' dir='ltr'>de</span> <span class='ocrx_word' id='word_1_74' title='bbox 2833 869 2984 925; x_wconf 89' lang='lat' dir='ltr'>curia</span> <span class='ocrx_word' id='word_1_75' title='bbox 3015 872 3277 925; x_wconf 89' lang='lat' dir='ltr'>Romana</span> 
     </span>
     <span class='ocr_line' id='line_1_8' title="bbox 700 956 3274 1030; baseline 0 -18"><span class='ocrx_word' id='word_1_76' title='bbox 700 957 851 1028; x_wconf 87' lang='lat' dir='ltr'>apud</span> <span class='ocrx_word' id='word_1_77' title='bbox 889 958 1160 1012; x_wconf 87' lang='lat' dir='ltr'>Sanctum</span> <span class='ocrx_word' id='word_1_78' title='bbox 1200 958 1450 1026; x_wconf 88' lang='lat' dir='ltr'>Paulum,</span> <span class='ocrx_word' id='word_1_79' title='bbox 1488 957 1584 1030; x_wconf 90' lang='lat' dir='ltr'>qui</span> <span class='ocrx_word' id='word_1_80' title='bbox 1625 957 1874 1013; x_wconf 84' lang='lat' dir='ltr'>interfuit</span> <span class='ocrx_word' id='word_1_81' title='bbox 1915 957 2040 1013; x_wconf 90' lang='lat' dir='ltr'>neci</span> <span class='ocrx_word' id='word_1_82' title='bbox 2084 956 2334 1027; x_wconf 89' lang='lat' dir='ltr'>episcopi</span> <span class='ocrx_word' id='word_1_83' title='bbox 2376 957 2629 1025; x_wconf 85' lang='lat' dir='ltr'>Exoniae,</span> <span class='ocrx_word' id='word_1_84' title='bbox 2667 967 2723 1013; x_wconf 89' lang='lat' dir='ltr'>et</span> <span class='ocrx_word' id='word_1_85' title='bbox 2761 958 3045 1013; x_wconf 81' lang='lat' dir='ltr'>fatebatur</span> <span class='ocrx_word' id='word_1_86' title='bbox 3080 974 3274 1013; x_wconf 89' lang='lat' dir='ltr'>coram</span> 
     </span>
     <span class='ocr_line' id='line_1_9' title="bbox 702 1043 3276 1116; baseline 0.001 -18"><span class='ocrx_word' id='word_1_87' title='bbox 702 1043 856 1099; x_wconf 90' lang='lat' dir='ltr'>omni</span> <span class='ocrx_word' id='word_1_88' title='bbox 894 1046 1099 1115; x_wconf 92' lang='lat' dir='ltr'>populo</span> <span class='ocrx_word' id='word_1_89' title='bbox 1136 1045 1194 1098; x_wconf 87' lang='lat' dir='ltr'>in</span> <span class='ocrx_word' id='word_1_90' title='bbox 1230 1044 1586 1115; x_wconf 87' lang='lat' dir='ltr'>processione</span> <span class='ocrx_word' id='word_1_91' title='bbox 1623 1045 1792 1116; x_wconf 90' lang='lat' dir='ltr'>quod,</span> <span class='ocrx_word' id='word_1_92' title='bbox 1818 1046 2044 1116; x_wconf 89' lang='lat' dir='ltr'>quando</span> <span class='ocrx_word' id='word_1_93' title='bbox 2083 1044 2380 1115; x_wconf 92' lang='lat' dir='ltr'>episcopus</span> <span class='ocrx_word' id='word_1_94' title='bbox 2416 1055 2537 1100; x_wconf 85' lang='lat' dir='ltr'>erat</span> <span class='ocrx_word' id='word_1_95' title='bbox 2572 1046 2888 1113; x_wconf 89' lang='lat' dir='ltr'>moriturus,</span> <span class='ocrx_word' id='word_1_96' title='bbox 2915 1046 3174 1100; x_wconf 86' lang='lat' dir='ltr'>clamavit</span> <span class='ocrx_word' id='word_1_97' title='bbox 3217 1056 3276 1100; x_wconf 85' lang='lat' dir='ltr'>et</span> 
     </span>
     <span class='ocr_line' id='line_1_10' title="bbox 703 1131 3275 1205; baseline 0 -17"><span class='ocrx_word' id='word_1_98' title='bbox 703 1132 970 1204; x_wconf 86' lang='lat' dir='ltr'>praecepit</span> <span class='ocrx_word' id='word_1_99' title='bbox 1008 1133 1042 1162; x_wconf 91' lang='lat'><strong>“</strong></span> <span class='ocrx_word' id='word_1_100' title='bbox 1060 1132 1289 1200; x_wconf 90' lang='lat' dir='ltr'>Occide,</span> <span class='ocrx_word' id='word_1_101' title='bbox 1316 1132 1529 1189; x_wconf 89' lang='lat' dir='ltr'>Occide</span> <span class='ocrx_word' id='word_1_102' title='bbox 1544 1135 1605 1201; x_wconf 90' lang='lat'>&#39;&#39;;</span> <span class='ocrx_word' id='word_1_103' title='bbox 1657 1144 1712 1189; x_wconf 89' lang='lat' dir='ltr'>et</span> <span class='ocrx_word' id='word_1_104' title='bbox 1756 1134 1832 1189; x_wconf 87' lang='lat' dir='ltr'>ad</span> <span class='ocrx_word' id='word_1_105' title='bbox 1871 1133 1980 1189; x_wconf 92' lang='lat' dir='ltr'>hoc</span> <span class='ocrx_word' id='word_1_106' title='bbox 2014 1133 2243 1190; x_wconf 87' lang='lat' dir='ltr'>tradidit</span> <span class='ocrx_word' id='word_1_107' title='bbox 2282 1150 2445 1188; x_wconf 89' lang='lat' dir='ltr'>suum</span> <span class='ocrx_word' id='word_1_108' title='bbox 2475 1134 2700 1204; x_wconf 86' lang='lat' dir='ltr'>panade</span> <span class='ocrx_word' id='word_1_109' title='bbox 2736 1132 3040 1203; x_wconf 72' lang='lat' dir='ltr'>[butcher&#39;s</span> <span class='ocrx_word' id='word_1_110' title='bbox 3079 1131 3275 1205; x_wconf 78' lang='lat' dir='ltr'>knifeJ,</span> 
     </span>
     <span class='ocr_line' id='line_1_11' title="bbox 701 1219 3274 1292; baseline 0 -17"><span class='ocrx_word' id='word_1_111' title='bbox 701 1221 853 1276; x_wconf 91' lang='lat' dir='ltr'>unde</span> <span class='ocrx_word' id='word_1_112' title='bbox 894 1231 1062 1292; x_wconf 86' lang='lat' dir='ltr'>caput</span> <span class='ocrx_word' id='word_1_113' title='bbox 1096 1220 1346 1291; x_wconf 87' lang='lat' dir='ltr'>episcopi</span> <span class='ocrx_word' id='word_1_114' title='bbox 1381 1221 1560 1277; x_wconf 78' lang='lat' dir='ltr'>fuerat</span> <span class='ocrx_word' id='word_1_115' title='bbox 1594 1220 1908 1288; x_wconf 87' lang='lat' dir='ltr'>abscisum;</span> <span class='ocrx_word' id='word_1_116' title='bbox 1965 1230 2021 1277; x_wconf 89' lang='lat' dir='ltr'>et</span> <span class='ocrx_word' id='word_1_117' title='bbox 2060 1221 2117 1276; x_wconf 91' lang='lat' dir='ltr'>in</span> <span class='ocrx_word' id='word_1_118' title='bbox 2153 1222 2513 1291; x_wconf 89' lang='lat' dir='ltr'>processione</span> <span class='ocrx_word' id='word_1_119' title='bbox 2550 1219 2609 1275; x_wconf 88' lang='lat' dir='ltr'>in</span> <span class='ocrx_word' id='word_1_120' title='bbox 2645 1220 2777 1277; x_wconf 89' lang='lat' dir='ltr'>navi</span> <span class='ocrx_word' id='word_1_121' title='bbox 2815 1221 3068 1277; x_wconf 85' lang='lat' dir='ltr'>ecclesiae</span> <span class='ocrx_word' id='word_1_122' title='bbox 3098 1238 3274 1292; x_wconf 89' lang='lat' dir='ltr'>genu-</span> 
     </span>
     <span class='ocr_line' id='line_1_12' title="bbox 701 1307 3272 1381; baseline 0 -18"><span class='ocrx_word' id='word_1_123' title='bbox 701 1308 952 1374; x_wconf 82' lang='lat' dir='ltr'>flectens,</span> <span class='ocrx_word' id='word_1_124' title='bbox 992 1318 1143 1364; x_wconf 88' lang='lat' dir='ltr'>totus</span> <span class='ocrx_word' id='word_1_125' title='bbox 1185 1309 1370 1364; x_wconf 89' lang='lat' dir='ltr'>nudus</span> <span class='ocrx_word' id='word_1_126' title='bbox 1413 1317 1617 1379; x_wconf 87' lang='lat' dir='ltr'>praeter</span> <span class='ocrx_word' id='word_1_127' title='bbox 1663 1308 1916 1376; x_wconf 76' lang='lat' dir='ltr'>braccaS,</span> <span class='ocrx_word' id='word_1_128' title='bbox 1955 1319 2012 1365; x_wconf 88' lang='lat' dir='ltr'>et</span> <span class='ocrx_word' id='word_1_129' title='bbox 2057 1308 2116 1364; x_wconf 90' lang='lat' dir='ltr'>in</span> <span class='ocrx_word' id='word_1_130' title='bbox 2167 1310 2312 1364; x_wconf 86' lang='lat' dir='ltr'>collo</span> <span class='ocrx_word' id='word_1_131' title='bbox 2362 1307 2633 1381; x_wconf 87' lang='lat' dir='ltr'>quiddam</span> <span class='ocrx_word' id='word_1_132' title='bbox 2683 1309 2968 1364; x_wconf 87' lang='lat' dir='ltr'>vinculum</span> <span class='ocrx_word' id='word_1_133' title='bbox 3018 1321 3272 1381; x_wconf 87' lang='lat' dir='ltr'>portans,</span> 
     </span>
     <span class='ocr_line' id='line_1_13' title="bbox 702 1395 2497 1468; baseline -0.001 -16"><span class='ocrx_word' id='word_1_134' title='bbox 702 1395 1110 1452; x_wconf 88' lang='lat' dir='ltr'>absolutionem</span> <span class='ocrx_word' id='word_1_135' title='bbox 1133 1396 1342 1468; x_wconf 89' lang='lat' dir='ltr'>recepit</span> <span class='ocrx_word' id='word_1_136' title='bbox 1362 1398 1437 1452; x_wconf 88' lang='lat' dir='ltr'>ab</span> <span class='ocrx_word' id='word_1_137' title='bbox 1462 1396 1861 1453; x_wconf 88' lang='lat' dir='ltr'>archidiacono</span> <span class='ocrx_word' id='word_1_138' title='bbox 1885 1396 2331 1468; x_wconf 83' lang='lat' dir='ltr'>Essexiae.’—(p.</span> <span class='ocrx_word' id='word_1_139' title='bbox 2350 1397 2497 1468; x_wconf 82' lang='lat'>350.)</span> 
     </span>
    </p>
   </div>
   <div class='ocr_carea' id='block_1_3' title="bbox 563 1511 3277 1764">
    <p class='ocr_par' dir='ltr' id='par_1_3' title="bbox 563 1511 3277 1764">
     <span class='ocr_line' id='line_1_14' title="bbox 563 1511 3276 1591; baseline 0 -18"><span class='ocrx_word' id='word_1_140' title='bbox 563 1521 732 1586; x_wconf 78' lang='lat' dir='ltr'>Pago</span> <span class='ocrx_word' id='word_1_141' title='bbox 755 1519 857 1584; x_wconf 79' lang='lat'>24,</span> <span class='ocrx_word' id='word_1_142' title='bbox 883 1520 918 1574; x_wconf 93' lang='lat' dir='ltr'>l.</span> <span class='ocrx_word' id='word_1_143' title='bbox 946 1530 992 1587; x_wconf 91' lang='grc'>5.</span> <span class='ocrx_word' id='word_1_144' title='bbox 1066 1516 1341 1573; x_wconf 72' lang='lat' dir='ltr'>Iohannis</span> <span class='ocrx_word' id='word_1_145' title='bbox 1370 1518 1655 1587; x_wconf 76' lang='lat' dir='ltr'>Deltham,</span> <span class='ocrx_word' id='word_1_146' title='bbox 1670 1521 1851 1589; x_wconf 75' lang='lat' dir='ltr'>pueri</span> <span class='ocrx_word' id='word_1_147' title='bbox 1881 1520 1950 1573; x_wconf 75' lang='lat' dir='ltr'>ix</span> <span class='ocrx_word' id='word_1_148' title='bbox 1975 1536 2277 1573; x_wconf 78' lang='lat' dir='ltr'>annorum.</span> <span class='ocrx_word' id='word_1_149' title='bbox 2349 1511 2498 1591; x_wconf 78' lang='lat' dir='ltr'>John</span> <span class='ocrx_word' id='word_1_150' title='bbox 2523 1519 2588 1574; x_wconf 82' lang='lat' dir='ltr'>os</span> <span class='ocrx_word' id='word_1_151' title='bbox 2610 1520 2860 1586; x_wconf 85' lang='lat' dir='ltr'>Eltham,</span> <span class='ocrx_word' id='word_1_152' title='bbox 2886 1535 3136 1588; x_wconf 87' lang='lat' dir='ltr'>younger</span> <span class='ocrx_word' id='word_1_153' title='bbox 3169 1536 3276 1573; x_wconf 90' lang='lat' dir='ltr'>son</span> 
     </span>
     <span class='ocr_line' id='line_1_15' title="bbox 706 1606 3277 1677; baseline 0 -16"><span class='ocrx_word' id='word_1_154' title='bbox 706 1607 768 1661; x_wconf 82' lang='lat' dir='ltr'>of</span> <span class='ocrx_word' id='word_1_155' title='bbox 787 1606 1034 1661; x_wconf 85' lang='lat' dir='ltr'>Edward</span> <span class='ocrx_word' id='word_1_156' title='bbox 1061 1607 1158 1673; x_wconf 87' lang='lat'>11.,</span> <span class='ocrx_word' id='word_1_157' title='bbox 1182 1607 1411 1662; x_wconf 82' lang='lat' dir='ltr'>created</span> <span class='ocrx_word' id='word_1_158' title='bbox 1429 1606 1485 1661; x_wconf 91' lang='lat' dir='ltr'>in</span> <span class='ocrx_word' id='word_1_159' title='bbox 1512 1608 1647 1676; x_wconf 87' lang='lat'>1328</span> <span class='ocrx_word' id='word_1_160' title='bbox 1663 1607 1778 1662; x_wconf 90' lang='lat' dir='ltr'>earl</span> <span class='ocrx_word' id='word_1_161' title='bbox 1798 1608 1862 1662; x_wconf 81' lang='lat' dir='ltr'>of</span> <span class='ocrx_word' id='word_1_162' title='bbox 1883 1607 2178 1677; x_wconf 87' lang='lat' dir='ltr'>Cornwall,</span> <span class='ocrx_word' id='word_1_163' title='bbox 2194 1624 2308 1662; x_wconf 84' lang='lat' dir='ltr'>was</span> <span class='ocrx_word' id='word_1_164' title='bbox 2329 1608 2470 1662; x_wconf 89' lang='lat' dir='ltr'>born</span> <span class='ocrx_word' id='word_1_165' title='bbox 2501 1622 2520 1662; x_wconf 90' lang='lat'>1</span> <span class='ocrx_word' id='word_1_166' title='bbox 2535 1608 2629 1677; x_wconf 76' lang='lat' dir='ltr'>sth</span> <span class='ocrx_word' id='word_1_167' title='bbox 2655 1609 2820 1677; x_wconf 69' lang='lat' dir='ltr'>Aug„</span> <span class='ocrx_word' id='word_1_168' title='bbox 2848 1620 2998 1677; x_wconf 81' lang='lat'>1315,</span> <span class='ocrx_word' id='word_1_169' title='bbox 3019 1606 3134 1662; x_wconf 88' lang='lat' dir='ltr'>and</span> <span class='ocrx_word' id='word_1_170' title='bbox 3159 1623 3277 1661; x_wconf 86' lang='lat' dir='ltr'>was</span> 
     </span>
     <span class='ocr_line' id='line_1_16' title="bbox 707 1692 1439 1764; baseline 0 -16"><span class='ocrx_word' id='word_1_171' title='bbox 707 1710 832 1749; x_wconf 84' lang='lat' dir='ltr'>now</span> <span class='ocrx_word' id='word_1_172' title='bbox 859 1694 916 1748; x_wconf 88' lang='lat' dir='ltr'>in</span> <span class='ocrx_word' id='word_1_173' title='bbox 941 1692 1032 1749; x_wconf 91' lang='lat' dir='ltr'>his</span> <span class='ocrx_word' id='word_1_174' title='bbox 1054 1694 1264 1749; x_wconf 79' lang='lat' dir='ltr'>twelfth</span> <span class='ocrx_word' id='word_1_175' title='bbox 1288 1710 1439 1764; x_wconf 87' lang='lat' dir='ltr'>year.</span> 
     </span>
    </p>
   </div>
   <div class='ocr_carea' id='block_1_4' title="bbox 566 1814 3277 1887">
    <p class='ocr_par' dir='ltr' id='par_1_4' title="bbox 566 1814 3277 1887">
     <span class='ocr_line' id='line_1_17' title="bbox 566 1814 3277 1887; baseline -0 -16"><span class='ocrx_word' id='word_1_176' title='bbox 566 1844 709 1857; x_wconf 91' lang='lat'>—-</span> <span class='ocrx_word' id='word_1_177' title='bbox 731 1817 766 1871; x_wconf 89' lang='lat'>1.</span> <span class='ocrx_word' id='word_1_178' title='bbox 794 1830 879 1870; x_wconf 94' lang='lat'>22.</span> <span class='ocrx_word' id='word_1_179' title='bbox 950 1815 1058 1870; x_wconf 78' lang='lat' dir='ltr'>Ad</span> <span class='ocrx_word' id='word_1_180' title='bbox 1074 1814 1282 1870; x_wconf 84' lang='lat' dir='ltr'>villam</span> <span class='ocrx_word' id='word_1_181' title='bbox 1308 1815 1619 1870; x_wconf 64' lang='lat' dir='ltr'>Bnlrtollt&#39;e.</span> <span class='ocrx_word' id='word_1_182' title='bbox 1691 1815 1816 1871; x_wconf 86' lang='lat' dir='ltr'>The</span> <span class='ocrx_word' id='word_1_183' title='bbox 1850 1832 2031 1887; x_wconf 86' lang='lat' dir='ltr'>queen</span> <span class='ocrx_word' id='word_1_184' title='bbox 2068 1816 2343 1887; x_wconf 88' lang='lat' dir='ltr'>occupied</span> <span class='ocrx_word' id='word_1_185' title='bbox 2369 1816 2574 1872; x_wconf 88' lang='lat' dir='ltr'>Bristol</span> <span class='ocrx_word' id='word_1_186' title='bbox 2611 1833 2685 1871; x_wconf 88' lang='lat' dir='ltr'>on</span> <span class='ocrx_word' id='word_1_187' title='bbox 2720 1816 2816 1871; x_wconf 90' lang='lat' dir='ltr'>the</span> <span class='ocrx_word' id='word_1_188' title='bbox 2851 1816 2983 1872; x_wconf 89' lang='lat' dir='ltr'>26th</span> <span class='ocrx_word' id='word_1_189' title='bbox 3011 1815 3277 1883; x_wconf 86' lang='lat' dir='ltr'>October,</span> 
     </span>
    </p>
   </div>
   <div class='ocr_carea' id='block_1_5' title="bbox 710 1902 3277 2059">
    <p class='ocr_par' dir='ltr' id='par_1_5' title="bbox 710 1902 3277 2059">
     <span class='ocr_line' id='line_1_18' title="bbox 710 1902 3277 1975; baseline 0 -17"><span class='ocrx_word' id='word_1_190' title='bbox 710 1905 873 1958; x_wconf 82' lang='lat' dir='ltr'>when</span> <span class='ocrx_word' id='word_1_191' title='bbox 907 1904 1004 1959; x_wconf 90' lang='lat' dir='ltr'>the</span> <span class='ocrx_word' id='word_1_192' title='bbox 1035 1920 1223 1975; x_wconf 85' lang='lat' dir='ltr'>young</span> <span class='ocrx_word' id='word_1_193' title='bbox 1248 1904 1494 1959; x_wconf 87' lang='lat' dir='ltr'>Edward</span> <span class='ocrx_word' id='word_1_194' title='bbox 1522 1921 1636 1959; x_wconf 83' lang='lat' dir='ltr'>was</span> <span class='ocrx_word' id='word_1_195' title='bbox 1672 1903 2015 1974; x_wconf 91' lang='lat' dir='ltr'>proclaimed</span> <span class='ocrx_word' id='word_1_196' title='bbox 2051 1904 2326 1975; x_wconf 85' lang='lat' dir='ltr'>guardian</span> <span class='ocrx_word' id='word_1_197' title='bbox 2360 1905 2423 1960; x_wconf 78' lang='lat' dir='ltr'>os</span> <span class='ocrx_word' id='word_1_198' title='bbox 2449 1905 2545 1960; x_wconf 90' lang='lat' dir='ltr'>the</span> <span class='ocrx_word' id='word_1_199' title='bbox 2579 1903 3194 1974; x_wconf 79' lang='lat' dir='ltr'>kingdom.—Foedera,</span> <span class='ocrx_word' id='word_1_200' title='bbox 3221 1902 3277 1958; x_wconf 88' lang='lat' dir='ltr'>ii.</span> 
     </span>
     <span class='ocr_line' id='line_1_19' title="bbox 711 1991 832 2059; baseline 0 -12"><span class='ocrx_word' id='word_1_201' title='bbox 711 1991 832 2059; x_wconf 87' lang='lat'>646.</span> 
     </span>
    </p>
   </div>
   <div class='ocr_carea' id='block_1_6' title="bbox 568 2112 3286 3678">
    <p class='ocr_par' dir='ltr' id='par_1_6' title="bbox 568 2112 3286 3678">
     <span class='ocr_line' id='line_1_20' title="bbox 568 2112 3274 2184; baseline -0.001 -16"><span class='ocrx_word' id='word_1_202' title='bbox 568 2142 711 2155; x_wconf 91' lang='lat'>—</span> <span class='ocrx_word' id='word_1_203' title='bbox 734 2114 767 2168; x_wconf 84' lang='grc' dir='ltr'>Ι.</span> <span class='ocrx_word' id='word_1_204' title='bbox 795 2125 879 2181; x_wconf 83' lang='grc'>27.</span> <span class='ocrx_word' id='word_1_205' title='bbox 945 2112 1155 2184; x_wconf 74' lang='lat' dir='ltr'>virago</span> <span class='ocrx_word' id='word_1_206' title='bbox 1172 2114 1343 2167; x_wconf 80' lang='lat' dir='ltr'>iussit</span> <span class='ocrx_word' id='word_1_207' title='bbox 1358 2114 1612 2167; x_wconf 80' lang='lat' dir='ltr'>comitem</span> <span class='ocrx_word' id='word_1_208' title='bbox 1621 2113 1943 2183; x_wconf 77' lang='lat' dir='ltr'>predictum</span> <span class='ocrx_word' id='word_1_209' title='bbox 1961 2115 2086 2167; x_wconf 82' lang='lat' dir='ltr'>sine</span> <span class='ocrx_word' id='word_1_210' title='bbox 2101 2115 2403 2183; x_wconf 82' lang='lat' dir='ltr'>questione,</span> <span class='ocrx_word' id='word_1_211' title='bbox 2422 2123 2531 2169; x_wconf 84' lang='lat' dir='ltr'>etc.</span> <span class='ocrx_word' id='word_1_212' title='bbox 2584 2112 2884 2182; x_wconf 86' lang='lat' dir='ltr'>Froissart,</span> <span class='ocrx_word' id='word_1_213' title='bbox 2906 2113 2941 2168; x_wconf 92' lang='lat' dir='ltr'>i.</span> <span class='ocrx_word' id='word_1_214' title='bbox 2963 2128 3050 2182; x_wconf 89' lang='lat'>30,</span> <span class='ocrx_word' id='word_1_215' title='bbox 3070 2112 3274 2168; x_wconf 78' lang='lat' dir='ltr'>follow·</span> 
     </span>
     <span class='ocr_line' id='line_1_21' title="bbox 713 2200 3286 2272; baseline -0 -16"><span class='ocrx_word' id='word_1_216' title='bbox 713 2201 809 2271; x_wconf 89' lang='lat' dir='ltr'>ing</span> <span class='ocrx_word' id='word_1_217' title='bbox 839 2203 921 2257; x_wconf 88' lang='lat' dir='ltr'>Le</span> <span class='ocrx_word' id='word_1_218' title='bbox 956 2202 1076 2269; x_wconf 89' lang='lat' dir='ltr'>Bel,</span> <span class='ocrx_word' id='word_1_219' title='bbox 1103 2200 1386 2257; x_wconf 75' lang='lat' dir='ltr'>describes</span> <span class='ocrx_word' id='word_1_220' title='bbox 1422 2201 1521 2256; x_wconf 83' lang='lat' dir='ltr'>the</span> <span class='ocrx_word' id='word_1_221' title='bbox 1558 2201 1994 2256; x_wconf 90' lang='lat' dir='ltr'>condemnation</span> <span class='ocrx_word' id='word_1_222' title='bbox 2019 2202 2085 2256; x_wconf 80' lang='lat' dir='ltr'>of</span> <span class='ocrx_word' id='word_1_223' title='bbox 2114 2203 2211 2257; x_wconf 91' lang='lat' dir='ltr'>the</span> <span class='ocrx_word' id='word_1_224' title='bbox 2247 2201 2403 2257; x_wconf 90' lang='lat' dir='ltr'>elder</span> <span class='ocrx_word' id='word_1_225' title='bbox 2440 2203 2767 2272; x_wconf 88' lang='lat' dir='ltr'>Despenser</span> <span class='ocrx_word' id='word_1_226' title='bbox 2797 2202 2912 2257; x_wconf 89' lang='lat' dir='ltr'>and</span> <span class='ocrx_word' id='word_1_227' title='bbox 2949 2202 3046 2257; x_wconf 89' lang='lat' dir='ltr'>the</span> <span class='ocrx_word' id='word_1_228' title='bbox 3081 2203 3197 2256; x_wconf 85' lang='lat' dir='ltr'>earl</span> <span class='ocrx_word' id='word_1_229' title='bbox 3220 2200 3286 2256; x_wconf 83' lang='lat' dir='ltr'>os</span> 
     </span>
     <span class='ocr_line' id='line_1_22' title="bbox 712 2287 3278 2360; baseline 0 -16"><span class='ocrx_word' id='word_1_230' title='bbox 712 2289 994 2345; x_wconf 85' lang='lat' dir='ltr'>Arundel:</span> <span class='ocrx_word' id='word_1_231' title='bbox 1033 2290 1048 2317; x_wconf 78' lang='lat'><strong>⁴</strong></span> <span class='ocrx_word' id='word_1_232' title='bbox 1069 2289 1144 2344; x_wconf 84' lang='lat' dir='ltr'>Et</span> <span class='ocrx_word' id='word_1_233' title='bbox 1173 2289 1296 2360; x_wconf 89' lang='lat' dir='ltr'>puis</span> <span class='ocrx_word' id='word_1_234' title='bbox 1321 2289 1412 2344; x_wconf 88' lang='lat' dir='ltr'>fist</span> <span class='ocrx_word' id='word_1_235' title='bbox 1439 2290 1492 2343; x_wconf 86' lang='lat' dir='ltr'>la</span> <span class='ocrx_word' id='word_1_236' title='bbox 1515 2306 1687 2360; x_wconf 91' lang='lat' dir='ltr'>royne</span> <span class='ocrx_word' id='word_1_237' title='bbox 1711 2306 1969 2344; x_wconf 89' lang='lat' dir='ltr'>ramener</span> <span class='ocrx_word' id='word_1_238' title='bbox 2004 2289 2366 2359; x_wconf 83' lang='lat' dir='ltr'>monsigneur</span> <span class='ocrx_word' id='word_1_239' title='bbox 2393 2291 2565 2345; x_wconf 89' lang='lat' dir='ltr'>Huon</span> <span class='ocrx_word' id='word_1_240' title='bbox 2590 2289 2642 2345; x_wconf 92' lang='lat' dir='ltr'>le</span> <span class='ocrx_word' id='word_1_241' title='bbox 2670 2288 3015 2360; x_wconf 87' lang='lat' dir='ltr'>Despensier</span> <span class='ocrx_word' id='word_1_242' title='bbox 3037 2289 3091 2344; x_wconf 91' lang='lat' dir='ltr'>le</span> <span class='ocrx_word' id='word_1_243' title='bbox 3115 2287 3278 2344; x_wconf 90' lang='lat' dir='ltr'>vielle</span> 
     </span>
     <span class='ocr_line' id='line_1_23' title="bbox 710 2376 3277 2447; baseline -0.001 -15"><span class='ocrx_word' id='word_1_244' title='bbox 710 2388 767 2433; x_wconf 90' lang='lat' dir='ltr'>et</span> <span class='ocrx_word' id='word_1_245' title='bbox 807 2379 857 2433; x_wconf 89' lang='lat' dir='ltr'>le</span> <span class='ocrx_word' id='word_1_246' title='bbox 893 2387 1060 2432; x_wconf 90' lang='lat' dir='ltr'>conte</span> <span class='ocrx_word' id='word_1_247' title='bbox 1095 2376 1423 2432; x_wconf 84' lang='lat' dir='ltr'>d’Arondiel</span> <span class='ocrx_word' id='word_1_248' title='bbox 1460 2377 1669 2433; x_wconf 88' lang='lat' dir='ltr'>devant</span> <span class='ocrx_word' id='word_1_249' title='bbox 1704 2393 1807 2432; x_wconf 89' lang='lat' dir='ltr'>son</span> <span class='ocrx_word' id='word_1_250' title='bbox 1850 2376 2069 2433; x_wconf 88' lang='lat' dir='ltr'>ainsnet</span> <span class='ocrx_word' id='word_1_251' title='bbox 2108 2377 2182 2444; x_wconf 88' lang='lat' dir='ltr'>fil,</span> <span class='ocrx_word' id='word_1_252' title='bbox 2218 2387 2274 2433; x_wconf 91' lang='lat' dir='ltr'>et</span> <span class='ocrx_word' id='word_1_253' title='bbox 2310 2377 2518 2433; x_wconf 89' lang='lat' dir='ltr'>devant</span> <span class='ocrx_word' id='word_1_254' title='bbox 2560 2387 2687 2433; x_wconf 89' lang='lat' dir='ltr'>tous</span> <span class='ocrx_word' id='word_1_255' title='bbox 2726 2378 2806 2433; x_wconf 90' lang='lat' dir='ltr'>les</span> <span class='ocrx_word' id='word_1_256' title='bbox 2847 2377 3055 2432; x_wconf 88' lang='lat' dir='ltr'>barons</span> <span class='ocrx_word' id='word_1_257' title='bbox 3092 2376 3185 2447; x_wconf 91' lang='lat' dir='ltr'>qui</span> <span class='ocrx_word' id='word_1_258' title='bbox 3222 2376 3277 2430; x_wconf 72' lang='lat' dir='ltr'>la</span> 
     </span>
     <span class='ocr_line' id='line_1_24' title="bbox 710 2465 3280 2538; baseline -0.002 -15"><span class='ocrx_word' id='word_1_259' title='bbox 710 2466 965 2532; x_wconf 86' lang='lat' dir='ltr'>estoient,</span> <span class='ocrx_word' id='word_1_260' title='bbox 989 2477 1045 2522; x_wconf 89' lang='lat' dir='ltr'>et</span> <span class='ocrx_word' id='word_1_261' title='bbox 1081 2466 1198 2521; x_wconf 91' lang='lat' dir='ltr'>leur</span> <span class='ocrx_word' id='word_1_262' title='bbox 1233 2466 1344 2521; x_wconf 90' lang='lat' dir='ltr'>dist</span> <span class='ocrx_word' id='word_1_263' title='bbox 1373 2482 1484 2538; x_wconf 90' lang='lat' dir='ltr'>que</span> <span class='ocrx_word' id='word_1_264' title='bbox 1516 2466 1622 2522; x_wconf 89' lang='lat' dir='ltr'>elle</span> <span class='ocrx_word' id='word_1_265' title='bbox 1645 2477 1701 2522; x_wconf 88' lang='lat' dir='ltr'>et</span> <span class='ocrx_word' id='word_1_266' title='bbox 1726 2483 1817 2522; x_wconf 91' lang='lat' dir='ltr'>ses</span> <span class='ocrx_word' id='word_1_267' title='bbox 1849 2467 1931 2521; x_wconf 86' lang='lat' dir='ltr'>filz</span> <span class='ocrx_word' id='word_1_268' title='bbox 1966 2467 2087 2521; x_wconf 90' lang='lat' dir='ltr'>leur</span> <span class='ocrx_word' id='word_1_269' title='bbox 2119 2465 2351 2522; x_wconf 87' lang='lat' dir='ltr'>feroient</span> <span class='ocrx_word' id='word_1_270' title='bbox 2384 2466 2530 2521; x_wconf 91' lang='lat' dir='ltr'>droit</span> <span class='ocrx_word' id='word_1_271' title='bbox 2554 2476 2609 2522; x_wconf 88' lang='lat' dir='ltr'>et</span> <span class='ocrx_word' id='word_1_272' title='bbox 2635 2467 2728 2536; x_wconf 94' lang='lat' dir='ltr'>loy</span> <span class='ocrx_word' id='word_1_273' title='bbox 2751 2476 2806 2522; x_wconf 89' lang='lat' dir='ltr'>et</span> <span class='ocrx_word' id='word_1_274' title='bbox 2832 2467 2947 2520; x_wconf 91' lang='lat' dir='ltr'>bon</span> <span class='ocrx_word' id='word_1_275' title='bbox 2971 2465 3280 2537; x_wconf 87' lang='lat' dir='ltr'>jugement,</span> 
     </span>
     <span class='ocr_line' id='line_1_25' title="bbox 715 2553 3274 2624; baseline -0.001 -13"><span class='ocrx_word' id='word_1_276' title='bbox 715 2554 947 2611; x_wconf 89' lang='lat' dir='ltr'>selonch</span> <span class='ocrx_word' id='word_1_277' title='bbox 991 2555 1142 2610; x_wconf 90' lang='lat' dir='ltr'>leurs</span> <span class='ocrx_word' id='word_1_278' title='bbox 1181 2553 1285 2608; x_wconf 80' lang='lat' dir='ltr'>sais</span> <span class='ocrx_word' id='word_1_279' title='bbox 1328 2563 1385 2609; x_wconf 90' lang='lat' dir='ltr'>et</span> <span class='ocrx_word' id='word_1_280' title='bbox 1428 2554 1576 2609; x_wconf 89' lang='lat' dir='ltr'>leurs</span> <span class='ocrx_word' id='word_1_281' title='bbox 1625 2571 1863 2610; x_wconf 85' lang='lat' dir='ltr'>oeuvres.</span> <span class='ocrx_word' id='word_1_282' title='bbox 1950 2554 2155 2610; x_wconf 85' lang='lat' dir='ltr'>Adone</span> <span class='ocrx_word' id='word_1_283' title='bbox 2202 2554 2468 2624; x_wconf 89' lang='lat' dir='ltr'>respondi</span> <span class='ocrx_word' id='word_1_284' title='bbox 2514 2554 2778 2610; x_wconf 89' lang='lat' dir='ltr'>messires</span> <span class='ocrx_word' id='word_1_285' title='bbox 2824 2556 2986 2610; x_wconf 87' lang='lat' dir='ltr'>Hues</span> <span class='ocrx_word' id='word_1_286' title='bbox 3023 2563 3082 2609; x_wconf 92' lang='lat' dir='ltr'>et</span> <span class='ocrx_word' id='word_1_287' title='bbox 3122 2554 3234 2609; x_wconf 87' lang='lat' dir='ltr'>dist</span> <span class='ocrx_word' id='word_1_288' title='bbox 3261 2571 3274 2608; x_wconf 75' lang='grc' dir='ltr'><strong><em>ε</em></strong></span> 
     </span>
     <span class='ocr_line' id='line_1_26' title="bbox 715 2641 3278 2712; baseline -0 -15"><span class='ocrx_word' id='word_1_289' title='bbox 715 2643 749 2671; x_wconf 87' lang='grc'><strong>“</strong></span> <span class='ocrx_word' id='word_1_290' title='bbox 773 2644 867 2697; x_wconf 83' lang='lat' dir='ltr'>Ha</span> <span class='ocrx_word' id='word_1_291' title='bbox 892 2645 906 2697; x_wconf 73' lang='grc' dir='ltr'>ί</span> <span class='ocrx_word' id='word_1_292' title='bbox 946 2642 1129 2711; x_wconf 88' lang='lat' dir='ltr'>dame,</span> <span class='ocrx_word' id='word_1_293' title='bbox 1150 2642 1297 2698; x_wconf 84' lang='lat' dir='ltr'>Diex</span> <span class='ocrx_word' id='word_1_294' title='bbox 1320 2658 1464 2697; x_wconf 91' lang='lat' dir='ltr'>nous</span> <span class='ocrx_word' id='word_1_295' title='bbox 1488 2642 1665 2698; x_wconf 91' lang='lat' dir='ltr'>voelle</span> <span class='ocrx_word' id='word_1_296' title='bbox 1691 2643 1906 2698; x_wconf 89' lang='lat' dir='ltr'>donner</span> <span class='ocrx_word' id='word_1_297' title='bbox 1929 2643 2040 2697; x_wconf 92' lang='lat' dir='ltr'>bon</span> <span class='ocrx_word' id='word_1_298' title='bbox 2058 2641 2194 2711; x_wconf 88' lang='lat' dir='ltr'>juge</span> <span class='ocrx_word' id='word_1_299' title='bbox 2218 2653 2275 2698; x_wconf 90' lang='lat' dir='ltr'>et</span> <span class='ocrx_word' id='word_1_300' title='bbox 2300 2643 2411 2698; x_wconf 91' lang='lat' dir='ltr'>bon</span> <span class='ocrx_word' id='word_1_301' title='bbox 2431 2641 2723 2712; x_wconf 88' lang='lat' dir='ltr'>jugement</span> <span class='ocrx_word' id='word_1_302' title='bbox 2744 2661 2759 2709; x_wconf 87' lang='lat'>;</span> <span class='ocrx_word' id='word_1_303' title='bbox 2795 2651 2852 2697; x_wconf 89' lang='lat' dir='ltr'>et</span> <span class='ocrx_word' id='word_1_304' title='bbox 2878 2659 2940 2698; x_wconf 88' lang='lat' dir='ltr'>se</span> <span class='ocrx_word' id='word_1_305' title='bbox 2965 2658 3106 2696; x_wconf 85' lang='lat' dir='ltr'>nous</span> <span class='ocrx_word' id='word_1_306' title='bbox 3130 2658 3202 2696; x_wconf 90' lang='lat' dir='ltr'>ne</span> <span class='ocrx_word' id='word_1_307' title='bbox 3228 2641 3278 2696; x_wconf 92' lang='lat' dir='ltr'>le</span> 
     </span>
     <span class='ocr_line' id='line_1_27' title="bbox 715 2728 3277 2800; baseline -0 -16"><span class='ocrx_word' id='word_1_308' title='bbox 715 2746 892 2800; x_wconf 88' lang='lat' dir='ltr'>poons</span> <span class='ocrx_word' id='word_1_309' title='bbox 929 2729 1086 2785; x_wconf 90' lang='lat' dir='ltr'>avoir</span> <span class='ocrx_word' id='word_1_310' title='bbox 1109 2747 1181 2785; x_wconf 90' lang='lat' dir='ltr'>en</span> <span class='ocrx_word' id='word_1_311' title='bbox 1206 2747 1271 2786; x_wconf 90' lang='lat' dir='ltr'>ce</span> <span class='ocrx_word' id='word_1_312' title='bbox 1297 2729 1483 2796; x_wconf 72' lang='lat' dir='ltr'>siecle,</span> <span class='ocrx_word' id='word_1_313' title='bbox 1508 2729 1554 2784; x_wconf 92' lang='lat' dir='ltr'>si</span> <span class='ocrx_word' id='word_1_314' title='bbox 1594 2729 1646 2784; x_wconf 89' lang='lat' dir='ltr'>le</span> <span class='ocrx_word' id='word_1_315' title='bbox 1678 2746 1821 2784; x_wconf 90' lang='lat' dir='ltr'>nous</span> <span class='ocrx_word' id='word_1_316' title='bbox 1859 2729 2047 2785; x_wconf 90' lang='lat' dir='ltr'>doinst</span> <span class='ocrx_word' id='word_1_317' title='bbox 2084 2747 2156 2785; x_wconf 89' lang='lat' dir='ltr'>en</span> <span class='ocrx_word' id='word_1_318' title='bbox 2192 2731 2387 2785; x_wconf 87' lang='lat' dir='ltr'>l&#39;autre</span> <span class='ocrx_word' id='word_1_319' title='bbox 2410 2733 2423 2786; x_wconf 83' lang='lat'>!</span> <span class='ocrx_word' id='word_1_320' title='bbox 2446 2730 2476 2759; x_wconf 78' lang='lat'>&#39;⁹</span> <span class='ocrx_word' id='word_1_321' title='bbox 2547 2730 2752 2786; x_wconf 85' lang='lat' dir='ltr'>Adonc</span> <span class='ocrx_word' id='word_1_322' title='bbox 2778 2746 2839 2785; x_wconf 91' lang='lat' dir='ltr'>se</span> <span class='ocrx_word' id='word_1_323' title='bbox 2863 2730 2989 2785; x_wconf 89' lang='lat' dir='ltr'>leva</span> <span class='ocrx_word' id='word_1_324' title='bbox 3014 2728 3277 2784; x_wconf 88' lang='lat' dir='ltr'>messires</span> 
     </span>
     <span class='ocr_line' id='line_1_28' title="bbox 713 2816 3276 2889; baseline -0 -17"><span class='ocrx_word' id='word_1_325' title='bbox 713 2819 970 2872; x_wconf 87' lang='lat' dir='ltr'>Thumas</span> <span class='ocrx_word' id='word_1_326' title='bbox 992 2819 1190 2887; x_wconf 84' lang='lat' dir='ltr'>Wage‚</span> <span class='ocrx_word' id='word_1_327' title='bbox 1215 2816 1359 2872; x_wconf 89' lang='lat' dir='ltr'>bons</span> <span class='ocrx_word' id='word_1_328' title='bbox 1392 2816 1716 2885; x_wconf 88' lang='lat' dir='ltr'>chevaliers,</span> <span class='ocrx_word' id='word_1_329' title='bbox 1741 2835 1906 2887; x_wconf 88' lang='lat' dir='ltr'>sages</span> <span class='ocrx_word' id='word_1_330' title='bbox 1939 2828 1996 2874; x_wconf 91' lang='lat' dir='ltr'>et</span> <span class='ocrx_word' id='word_1_331' title='bbox 2028 2818 2286 2887; x_wconf 84' lang='lat' dir='ltr'>courtois,</span> <span class='ocrx_word' id='word_1_332' title='bbox 2312 2817 2405 2889; x_wconf 92' lang='lat' dir='ltr'>qui</span> <span class='ocrx_word' id='word_1_333' title='bbox 2445 2818 2609 2873; x_wconf 89' lang='lat' dir='ltr'>estoit</span> <span class='ocrx_word' id='word_1_334' title='bbox 2644 2817 3004 2873; x_wconf 89' lang='lat' dir='ltr'>mareschaus</span> <span class='ocrx_word' id='word_1_335' title='bbox 3036 2817 3107 2872; x_wconf 90' lang='lat' dir='ltr'>de</span> <span class='ocrx_word' id='word_1_336' title='bbox 3132 2817 3276 2883; x_wconf 88' lang='lat' dir='ltr'>l&#39;ost,</span> 
     </span>
     <span class='ocr_line' id='line_1_29' title="bbox 712 2902 3280 2977; baseline -0.002 -16"><span class='ocrx_word' id='word_1_337' title='bbox 712 2916 769 2961; x_wconf 91' lang='lat' dir='ltr'>et</span> <span class='ocrx_word' id='word_1_338' title='bbox 796 2906 915 2961; x_wconf 89' lang='lat' dir='ltr'>leur</span> <span class='ocrx_word' id='word_1_339' title='bbox 938 2915 1225 2976; x_wconf 89' lang='lat' dir='ltr'>racompta</span> <span class='ocrx_word' id='word_1_340' title='bbox 1248 2915 1374 2960; x_wconf 88' lang='lat' dir='ltr'>tous</span> <span class='ocrx_word' id='word_1_341' title='bbox 1400 2907 1545 2960; x_wconf 90' lang='lat' dir='ltr'>leurs</span> <span class='ocrx_word' id='word_1_342' title='bbox 1570 2905 1676 2960; x_wconf 81' lang='lat' dir='ltr'>fais</span> <span class='ocrx_word' id='word_1_343' title='bbox 1701 2922 1803 2976; x_wconf 90' lang='lat' dir='ltr'>par</span> <span class='ocrx_word' id='word_1_344' title='bbox 1826 2904 2048 2977; x_wconf 89' lang='lat' dir='ltr'>escript,</span> <span class='ocrx_word' id='word_1_345' title='bbox 2074 2916 2130 2960; x_wconf 91' lang='lat' dir='ltr'>et</span> <span class='ocrx_word' id='word_1_346' title='bbox 2156 2915 2356 2961; x_wconf 88' lang='lat' dir='ltr'>tourna</span> <span class='ocrx_word' id='word_1_347' title='bbox 2378 2923 2449 2962; x_wconf 90' lang='lat' dir='ltr'>en</span> <span class='ocrx_word' id='word_1_348' title='bbox 2475 2906 2622 2961; x_wconf 90' lang='lat' dir='ltr'>droit</span> <span class='ocrx_word' id='word_1_349' title='bbox 2646 2922 2742 2962; x_wconf 87' lang='lat' dir='ltr'>sus</span> <span class='ocrx_word' id='word_1_350' title='bbox 2767 2922 2840 2960; x_wconf 90' lang='lat' dir='ltr'>un</span> <span class='ocrx_word' id='word_1_351' title='bbox 2867 2905 2974 2960; x_wconf 92' lang='lat' dir='ltr'>viel</span> <span class='ocrx_word' id='word_1_352' title='bbox 2998 2902 3280 2959; x_wconf 86' lang='lat' dir='ltr'>chevalier</span> 
     </span>
     <span class='ocr_line' id='line_1_30' title="bbox 715 2992 3277 3065; baseline -0.001 -16"><span class='ocrx_word' id='word_1_353' title='bbox 715 2993 808 3065; x_wconf 91' lang='lat' dir='ltr'>qui</span> <span class='ocrx_word' id='word_1_354' title='bbox 834 2994 888 3049; x_wconf 71' lang='lat' dir='ltr'>la</span> <span class='ocrx_word' id='word_1_355' title='bbox 910 2992 1073 3049; x_wconf 88' lang='lat' dir='ltr'>estoit</span> <span class='ocrx_word' id='word_1_356' title='bbox 1107 2993 1220 3048; x_wconf 87' lang='lat' dir='ltr'>afin</span> <span class='ocrx_word' id='word_1_357' title='bbox 1256 2992 1391 3065; x_wconf 88' lang='lat' dir='ltr'>qu’il</span> <span class='ocrx_word' id='word_1_358' title='bbox 1425 3003 1699 3063; x_wconf 86' lang='lat' dir='ltr'>raportast</span> <span class='ocrx_word' id='word_1_359' title='bbox 1734 3011 1830 3049; x_wconf 91' lang='lat' dir='ltr'>sus</span> <span class='ocrx_word' id='word_1_360' title='bbox 1855 3011 1916 3048; x_wconf 90' lang='lat' dir='ltr'>se</span> <span class='ocrx_word' id='word_1_361' title='bbox 1939 2993 2126 3050; x_wconf 68' lang='lat' dir='ltr'>seaute</span> <span class='ocrx_word' id='word_1_362' title='bbox 2152 3011 2259 3065; x_wconf 92' lang='lat' dir='ltr'>que</span> <span class='ocrx_word' id='word_1_363' title='bbox 2285 2995 2320 3049; x_wconf 72' lang='lat' dir='ltr'>a</span> <span class='ocrx_word' id='word_1_364' title='bbox 2341 2993 2480 3050; x_wconf 80' lang='lat' dir='ltr'>faire</span> <span class='ocrx_word' id='word_1_365' title='bbox 2516 2993 2668 3050; x_wconf 91' lang='lat' dir='ltr'>avoit</span> <span class='ocrx_word' id='word_1_366' title='bbox 2704 2994 2776 3049; x_wconf 89' lang='lat' dir='ltr'>de</span> <span class='ocrx_word' id='word_1_367' title='bbox 2812 2994 2916 3049; x_wconf 86' lang='lat' dir='ltr'>telz</span> <span class='ocrx_word' id='word_1_368' title='bbox 2951 3009 3277 3064; x_wconf 85' lang='lat' dir='ltr'>personnes,</span> 
     </span>
     <span class='ocr_line' id='line_1_31' title="bbox 715 3079 3276 3153; baseline -0.001 -17"><span class='ocrx_word' id='word_1_369' title='bbox 715 3098 820 3152; x_wconf 88' lang='lat' dir='ltr'>par</span> <span class='ocrx_word' id='word_1_370' title='bbox 845 3081 1151 3153; x_wconf 83' lang='lat' dir='ltr'>jugement,</span> <span class='ocrx_word' id='word_1_371' title='bbox 1176 3090 1232 3137; x_wconf 91' lang='lat' dir='ltr'>et</span> <span class='ocrx_word' id='word_1_372' title='bbox 1257 3082 1330 3136; x_wconf 89' lang='lat' dir='ltr'>de</span> <span class='ocrx_word' id='word_1_373' title='bbox 1355 3081 1457 3136; x_wconf 88' lang='lat' dir='ltr'>telz</span> <span class='ocrx_word' id='word_1_374' title='bbox 1483 3079 1603 3137; x_wconf 83' lang='lat' dir='ltr'>sais.</span> <span class='ocrx_word' id='word_1_375' title='bbox 1677 3081 1739 3136; x_wconf 92' lang='lat' dir='ltr'>Li</span> <span class='ocrx_word' id='word_1_376' title='bbox 1768 3081 2074 3137; x_wconf 85' lang='lat' dir='ltr'>chevaliers</span> <span class='ocrx_word' id='word_1_377' title='bbox 2102 3099 2162 3138; x_wconf 90' lang='lat' dir='ltr'>se</span> <span class='ocrx_word' id='word_1_378' title='bbox 2187 3082 2420 3138; x_wconf 88' lang='lat' dir='ltr'>consilla</span> <span class='ocrx_word' id='word_1_379' title='bbox 2443 3099 2508 3137; x_wconf 84' lang='lat' dir='ltr'>as</span> <span class='ocrx_word' id='word_1_380' title='bbox 2533 3093 2717 3137; x_wconf 85' lang='lat' dir='ltr'>autres</span> <span class='ocrx_word' id='word_1_381' title='bbox 2742 3082 2949 3137; x_wconf 88' lang='lat' dir='ltr'>barons</span> <span class='ocrx_word' id='word_1_382' title='bbox 2971 3091 3028 3136; x_wconf 89' lang='lat' dir='ltr'>et</span> <span class='ocrx_word' id='word_1_383' title='bbox 3054 3081 3276 3135; x_wconf 87' lang='lat' dir='ltr'>cheval-</span> 
     </span>
     <span class='ocr_line' id='line_1_32' title="bbox 715 3167 3277 3240; baseline -0 -16"><span class='ocrx_word' id='word_1_384' title='bbox 715 3169 843 3233; x_wconf 77' lang='lat' dir='ltr'>ierS,</span> <span class='ocrx_word' id='word_1_385' title='bbox 865 3179 922 3226; x_wconf 89' lang='lat' dir='ltr'>et</span> <span class='ocrx_word' id='word_1_386' title='bbox 948 3179 1173 3239; x_wconf 90' lang='lat' dir='ltr'>raporta</span> <span class='ocrx_word' id='word_1_387' title='bbox 1197 3185 1301 3239; x_wconf 88' lang='lat' dir='ltr'>par</span> <span class='ocrx_word' id='word_1_388' title='bbox 1325 3168 1549 3240; x_wconf 89' lang='lat' dir='ltr'>plainne</span> <span class='ocrx_word' id='word_1_389' title='bbox 1576 3167 1753 3225; x_wconf 89' lang='lat' dir='ltr'>sieute</span> <span class='ocrx_word' id='word_1_390' title='bbox 1778 3186 1886 3240; x_wconf 90' lang='lat' dir='ltr'>que</span> <span class='ocrx_word' id='word_1_391' title='bbox 1911 3169 1947 3224; x_wconf 91' lang='lat' dir='ltr'>il</span> <span class='ocrx_word' id='word_1_392' title='bbox 1972 3169 2197 3226; x_wconf 90' lang='lat' dir='ltr'>avoient</span> <span class='ocrx_word' id='word_1_393' title='bbox 2223 3169 2352 3225; x_wconf 89' lang='lat' dir='ltr'>bien</span> <span class='ocrx_word' id='word_1_394' title='bbox 2379 3181 2524 3226; x_wconf 89' lang='lat' dir='ltr'>mort</span> <span class='ocrx_word' id='word_1_395' title='bbox 2549 3169 2849 3239; x_wconf 88' lang='lat' dir='ltr'>desservie,</span> <span class='ocrx_word' id='word_1_396' title='bbox 2875 3186 2979 3239; x_wconf 88' lang='lat' dir='ltr'>par</span> <span class='ocrx_word' id='word_1_397' title='bbox 3001 3168 3277 3240; x_wconf 88' lang='lat' dir='ltr'>pluiseurs</span> 
     </span>
     <span class='ocr_line' id='line_1_33' title="bbox 716 3255 3278 3328; baseline -0.001 -17"><span class='ocrx_word' id='word_1_398' title='bbox 716 3257 987 3313; x_wconf 88' lang='lat' dir='ltr'>horribles</span> <span class='ocrx_word' id='word_1_399' title='bbox 1019 3256 1124 3312; x_wconf 77' lang='lat' dir='ltr'>fais</span> <span class='ocrx_word' id='word_1_400' title='bbox 1153 3256 1287 3327; x_wconf 90' lang='lat' dir='ltr'>qu’il</span> <span class='ocrx_word' id='word_1_401' title='bbox 1322 3256 1542 3312; x_wconf 88' lang='lat' dir='ltr'>avoient</span> <span class='ocrx_word' id='word_1_402' title='bbox 1569 3256 1623 3310; x_wconf 73' lang='lat' dir='ltr'>la</span> <span class='ocrx_word' id='word_1_403' title='bbox 1645 3257 1866 3313; x_wconf 89' lang='lat' dir='ltr'>endroit</span> <span class='ocrx_word' id='word_1_404' title='bbox 1890 3274 1991 3327; x_wconf 87' lang='lat' dir='ltr'>oys</span> <span class='ocrx_word' id='word_1_405' title='bbox 2028 3269 2363 3328; x_wconf 87' lang='lat' dir='ltr'>racompter,</span> <span class='ocrx_word' id='word_1_406' title='bbox 2386 3267 2444 3316; x_wconf 89' lang='lat' dir='ltr'>et</span> <span class='ocrx_word' id='word_1_407' title='bbox 2481 3260 2561 3313; x_wconf 85' lang='lat' dir='ltr'>les</span> <span class='ocrx_word' id='word_1_408' title='bbox 2598 3257 2844 3313; x_wconf 86' lang='lat' dir='ltr'>tenoient</span> <span class='ocrx_word' id='word_1_409' title='bbox 2883 3274 3024 3327; x_wconf 90' lang='lat' dir='ltr'>pour</span> <span class='ocrx_word' id='word_1_410' title='bbox 3045 3255 3196 3311; x_wconf 86' lang='lat' dir='ltr'>vrais</span> <span class='ocrx_word' id='word_1_411' title='bbox 3221 3265 3278 3311; x_wconf 91' lang='lat' dir='ltr'>et</span> 
     </span>
     <span class='ocr_line' id='line_1_34' title="bbox 715 3343 3275 3415; baseline -0.001 -15"><span class='ocrx_word' id='word_1_412' title='bbox 715 3356 842 3401; x_wconf 90' lang='lat' dir='ltr'>tous</span> <span class='ocrx_word' id='word_1_413' title='bbox 866 3347 1023 3402; x_wconf 83' lang='lat' dir='ltr'>clers.</span> <span class='ocrx_word' id='word_1_414' title='bbox 1094 3346 1170 3400; x_wconf 85' lang='lat' dir='ltr'>Et</span> <span class='ocrx_word' id='word_1_415' title='bbox 1203 3344 1426 3400; x_wconf 91' lang='lat' dir='ltr'>avoient</span> <span class='ocrx_word' id='word_1_416' title='bbox 1463 3344 1726 3413; x_wconf 88' lang='lat' dir='ltr'>desservi,</span> <span class='ocrx_word' id='word_1_417' title='bbox 1754 3362 1857 3415; x_wconf 89' lang='lat' dir='ltr'>par</span> <span class='ocrx_word' id='word_1_418' title='bbox 1881 3346 1933 3402; x_wconf 94' lang='lat' dir='ltr'>le</span> <span class='ocrx_word' id='word_1_419' title='bbox 1957 3345 2221 3402; x_wconf 78' lang='lat' dir='ltr'>diversite</span> <span class='ocrx_word' id='word_1_420' title='bbox 2256 3346 2328 3402; x_wconf 88' lang='lat' dir='ltr'>de</span> <span class='ocrx_word' id='word_1_421' title='bbox 2358 3346 2506 3401; x_wconf 87' lang='lat' dir='ltr'>leurs</span> <span class='ocrx_word' id='word_1_422' title='bbox 2540 3344 2665 3412; x_wconf 81' lang='lat' dir='ltr'>fais,</span> <span class='ocrx_word' id='word_1_423' title='bbox 2689 3347 2724 3401; x_wconf 72' lang='lat' dir='ltr'>a</span> <span class='ocrx_word' id='word_1_424' title='bbox 2746 3356 2892 3401; x_wconf 89' lang='lat' dir='ltr'>estre</span> <span class='ocrx_word' id='word_1_425' title='bbox 2924 3343 3182 3415; x_wconf 73' lang='lat' dir='ltr'>justicies</span> <span class='ocrx_word' id='word_1_426' title='bbox 3203 3361 3275 3400; x_wconf 89' lang='lat' dir='ltr'>en</span> 
     </span>
     <span class='ocr_line' id='line_1_35' title="bbox 716 3432 3277 3505; baseline -0.001 -17"><span class='ocrx_word' id='word_1_427' title='bbox 716 3432 853 3489; x_wconf 85' lang='lat' dir='ltr'>trois</span> <span class='ocrx_word' id='word_1_428' title='bbox 876 3432 1180 3501; x_wconf 74' lang='lat' dir='ltr'>manieres,</span> <span class='ocrx_word' id='word_1_429' title='bbox 1197 3435 1328 3488; x_wconf 87' lang='lat' dir='ltr'>c&#39;est</span> <span class='ocrx_word' id='word_1_430' title='bbox 1352 3433 1387 3488; x_wconf 78' lang='lat' dir='ltr'>a</span> <span class='ocrx_word' id='word_1_431' title='bbox 1411 3432 1612 3501; x_wconf 87' lang='lat' dir='ltr'>savoir,</span> <span class='ocrx_word' id='word_1_432' title='bbox 1638 3433 1904 3504; x_wconf 89' lang='lat' dir='ltr'>premiers</span> <span class='ocrx_word' id='word_1_433' title='bbox 1928 3434 2171 3505; x_wconf 74' lang='lat' dir='ltr'>traynes,</span> <span class='ocrx_word' id='word_1_434' title='bbox 2196 3444 2253 3490; x_wconf 90' lang='lat' dir='ltr'>et</span> <span class='ocrx_word' id='word_1_435' title='bbox 2276 3434 2399 3505; x_wconf 90' lang='lat' dir='ltr'>puis</span> <span class='ocrx_word' id='word_1_436' title='bbox 2423 3433 2665 3499; x_wconf 75' lang='lat' dir='ltr'>decoles,</span> <span class='ocrx_word' id='word_1_437' title='bbox 2691 3432 2876 3503; x_wconf 72' lang='lat' dir='ltr'>apries</span> <span class='ocrx_word' id='word_1_438' title='bbox 2902 3432 3117 3504; x_wconf 87' lang='lat' dir='ltr'>pendus</span> <span class='ocrx_word' id='word_1_439' title='bbox 3143 3432 3178 3486; x_wconf 71' lang='lat' dir='ltr'>a</span> <span class='ocrx_word' id='word_1_440' title='bbox 3202 3449 3277 3487; x_wconf 89' lang='lat' dir='ltr'>un</span> 
     </span>
     <span class='ocr_line' id='line_1_36' title="bbox 714 3519 3276 3593; baseline -0.001 -16"><span class='ocrx_word' id='word_1_441' title='bbox 714 3520 907 3592; x_wconf 62' lang='lat' dir='ltr'>gibet!</span> <span class='ocrx_word' id='word_1_442' title='bbox 978 3522 1103 3577; x_wconf 87' lang='lat' dir='ltr'>The</span> <span class='ocrx_word' id='word_1_443' title='bbox 1135 3520 1281 3575; x_wconf 77' lang='lat' dir='ltr'>form</span> <span class='ocrx_word' id='word_1_444' title='bbox 1317 3520 1380 3575; x_wconf 80' lang='lat' dir='ltr'>os</span> <span class='ocrx_word' id='word_1_445' title='bbox 1414 3521 1510 3576; x_wconf 88' lang='lat' dir='ltr'>the</span> <span class='ocrx_word' id='word_1_446' title='bbox 1548 3531 1811 3577; x_wconf 87' lang='lat' dir='ltr'>sentence</span> <span class='ocrx_word' id='word_1_447' title='bbox 1847 3522 2053 3593; x_wconf 85' lang='lat' dir='ltr'>passed</span> <span class='ocrx_word' id='word_1_448' title='bbox 2092 3539 2166 3576; x_wconf 92' lang='lat' dir='ltr'>on</span> <span class='ocrx_word' id='word_1_449' title='bbox 2208 3523 2534 3593; x_wconf 87' lang='lat' dir='ltr'>Despenser</span> <span class='ocrx_word' id='word_1_450' title='bbox 2569 3521 2617 3578; x_wconf 90' lang='lat' dir='ltr'>is</span> <span class='ocrx_word' id='word_1_451' title='bbox 2652 3520 2834 3591; x_wconf 83' lang='lat' dir='ltr'>given,</span> <span class='ocrx_word' id='word_1_452' title='bbox 2860 3521 2916 3576; x_wconf 91' lang='lat' dir='ltr'>in</span> <span class='ocrx_word' id='word_1_453' title='bbox 2951 3520 3192 3588; x_wconf 85' lang='lat' dir='ltr'>French,</span> <span class='ocrx_word' id='word_1_454' title='bbox 3219 3519 3276 3574; x_wconf 90' lang='lat' dir='ltr'>in</span> 
     </span>
     <span class='ocr_line' id='line_1_37' title="bbox 714 3608 2295 3678; baseline -0.001 -13"><span class='ocrx_word' id='word_1_455' title='bbox 714 3609 975 3665; x_wconf 75' lang='lat' dir='ltr'>Annales</span> <span class='ocrx_word' id='word_1_456' title='bbox 997 3609 1257 3678; x_wconf 77' lang='lat' dir='ltr'>Paulini,</span> <span class='ocrx_word' id='word_1_457' title='bbox 1284 3621 1406 3678; x_wconf 89' lang='lat'>317,</span> <span class='ocrx_word' id='word_1_458' title='bbox 1431 3609 1611 3664; x_wconf 88' lang='lat' dir='ltr'>under</span> <span class='ocrx_word' id='word_1_459' title='bbox 1633 3608 1765 3666; x_wconf 87' lang='lat' dir='ltr'>date</span> <span class='ocrx_word' id='word_1_460' title='bbox 1788 3610 1852 3665; x_wconf 86' lang='lat' dir='ltr'>of</span> <span class='ocrx_word' id='word_1_461' title='bbox 1870 3611 2001 3677; x_wconf 89' lang='lat' dir='ltr'>27th</span> <span class='ocrx_word' id='word_1_462' title='bbox 2029 3610 2295 3666; x_wconf 90' lang='lat' dir='ltr'>October.</span> 
     </span>
    </p>
   </div>
   <div class='ocr_carea' id='block_1_7' title="bbox 574 3728 3278 3977">
    <p class='ocr_par' dir='ltr' id='par_1_7' title="bbox 574 3728 3278 3977">
     <span class='ocr_line' id='line_1_38' title="bbox 574 3728 3277 3804; baseline -0.001 -18"><span class='ocrx_word' id='word_1_463' title='bbox 574 3734 746 3799; x_wconf 77' lang='lat' dir='ltr'>Pago</span> <span class='ocrx_word' id='word_1_464' title='bbox 769 3732 870 3799; x_wconf 77' lang='lat'>25,</span> <span class='ocrx_word' id='word_1_465' title='bbox 895 3730 928 3785; x_wconf 87' lang='lat' dir='ltr'>l.</span> <span class='ocrx_word' id='word_1_466' title='bbox 957 3743 1006 3801; x_wconf 83' lang='grc'>5.</span> <span class='ocrx_word' id='word_1_467' title='bbox 1078 3732 1287 3786; x_wconf 71' lang='lat' dir='ltr'>Res-um</span> <span class='ocrx_word' id='word_1_468' title='bbox 1326 3734 1404 3802; x_wconf 73' lang='lat' dir='ltr'>ap</span> <span class='ocrx_word' id='word_1_469' title='bbox 1432 3731 1655 3787; x_wconf 84' lang='lat' dir='ltr'>Howel.</span> <span class='ocrx_word' id='word_1_470' title='bbox 1729 3732 1880 3788; x_wconf 88' lang='lat' dir='ltr'>Rees</span> <span class='ocrx_word' id='word_1_471' title='bbox 1918 3749 1992 3804; x_wconf 92' lang='lat' dir='ltr'>ap</span> <span class='ocrx_word' id='word_1_472' title='bbox 2033 3732 2233 3788; x_wconf 81' lang='lat' dir='ltr'>Howel</span> <span class='ocrx_word' id='word_1_473' title='bbox 2275 3749 2389 3787; x_wconf 82' lang='lat' dir='ltr'>was</span> <span class='ocrx_word' id='word_1_474' title='bbox 2422 3730 2743 3802; x_wconf 88' lang='lat' dir='ltr'>implicated</span> <span class='ocrx_word' id='word_1_475' title='bbox 2786 3729 2843 3786; x_wconf 90' lang='lat' dir='ltr'>in</span> <span class='ocrx_word' id='word_1_476' title='bbox 2876 3730 2974 3785; x_wconf 91' lang='lat' dir='ltr'>the</span> <span class='ocrx_word' id='word_1_477' title='bbox 3007 3728 3277 3785; x_wconf 88' lang='lat' dir='ltr'>rebellion</span> 
     </span>
     <span class='ocr_line' id='line_1_39' title="bbox 715 3815 3278 3891; baseline -0.002 -16"><span class='ocrx_word' id='word_1_478' title='bbox 715 3818 781 3875; x_wconf 81' lang='lat' dir='ltr'>os</span> <span class='ocrx_word' id='word_1_479' title='bbox 815 3833 967 3888; x_wconf 88' lang='lat'>1322,</span> <span class='ocrx_word' id='word_1_480' title='bbox 991 3819 1091 3874; x_wconf 89' lang='lat' dir='ltr'>but</span> <span class='ocrx_word' id='word_1_481' title='bbox 1130 3819 1497 3876; x_wconf 89' lang='lat' dir='ltr'>surrendered</span> <span class='ocrx_word' id='word_1_482' title='bbox 1534 3831 1592 3876; x_wconf 94' lang='lat' dir='ltr'>to</span> <span class='ocrx_word' id='word_1_483' title='bbox 1627 3819 1724 3876; x_wconf 88' lang='lat' dir='ltr'>the</span> <span class='ocrx_word' id='word_1_484' title='bbox 1760 3819 1914 3891; x_wconf 81' lang='lat' dir='ltr'>king.</span> <span class='ocrx_word' id='word_1_485' title='bbox 1989 3821 2084 3876; x_wconf 84' lang='lat' dir='ltr'>He</span> <span class='ocrx_word' id='word_1_486' title='bbox 2117 3837 2231 3875; x_wconf 84' lang='lat' dir='ltr'>was</span> <span class='ocrx_word' id='word_1_487' title='bbox 2267 3830 2391 3876; x_wconf 88' lang='lat' dir='ltr'>sent</span> <span class='ocrx_word' id='word_1_488' title='bbox 2434 3817 2687 3891; x_wconf 88' lang='lat' dir='ltr'>prisoner</span> <span class='ocrx_word' id='word_1_489' title='bbox 2723 3829 2782 3874; x_wconf 86' lang='lat' dir='ltr'>to</span> <span class='ocrx_word' id='word_1_490' title='bbox 2817 3815 3278 3874; x_wconf 89' lang='lat' dir='ltr'>Dover.—Muri·</span> 
     </span>
     <span class='ocr_line' id='line_1_40' title="bbox 716 3908 1004 3977; baseline -0.003 -14"><span class='ocrx_word' id='word_1_491' title='bbox 716 3908 893 3974; x_wconf 86' lang='lat' dir='ltr'>muth,</span> <span class='ocrx_word' id='word_1_492' title='bbox 919 3919 1004 3977; x_wconf 88' lang='grc'>35.</span> 
     </span>
    </p>
   </div>
   <div class='ocr_carea' id='block_1_8' title="bbox 577 4027 3279 4279">
    <p class='ocr_par' dir='ltr' id='par_1_8' title="bbox 577 4027 3279 4279">
     <span class='ocr_line' id='line_1_41' title="bbox 577 4027 3278 4103; baseline -0 -19"><span class='ocrx_word' id='word_1_493' title='bbox 577 4059 713 4072; x_wconf 90' lang='lat'>—-</span> <span class='ocrx_word' id='word_1_494' title='bbox 743 4030 778 4086; x_wconf 89' lang='lat' dir='ltr'>l.</span> <span class='ocrx_word' id='word_1_495' title='bbox 809 4042 892 4099; x_wconf 81' lang='lat'>15.</span> <span class='ocrx_word' id='word_1_496' title='bbox 968 4030 1164 4100; x_wconf 75' lang='lat' dir='ltr'>Captis</span> <span class='ocrx_word' id='word_1_497' title='bbox 1195 4031 1385 4101; x_wconf 78' lang='lat' dir='ltr'>igitur</span> <span class='ocrx_word' id='word_1_498' title='bbox 1408 4046 1550 4103; x_wconf 81' lang='lat' dir='ltr'>rege,</span> <span class='ocrx_word' id='word_1_499' title='bbox 1574 4040 1679 4087; x_wconf 83' lang='lat' dir='ltr'>etc.</span> <span class='ocrx_word' id='word_1_500' title='bbox 1755 4031 2003 4086; x_wconf 81' lang='lat' dir='ltr'>Edward</span> <span class='ocrx_word' id='word_1_501' title='bbox 2027 4047 2143 4086; x_wconf 82' lang='lat' dir='ltr'>was</span> <span class='ocrx_word' id='word_1_502' title='bbox 2171 4030 2339 4086; x_wconf 80' lang='lat' dir='ltr'>taken</span> <span class='ocrx_word' id='word_1_503' title='bbox 2365 4047 2437 4086; x_wconf 89' lang='lat' dir='ltr'>on</span> <span class='ocrx_word' id='word_1_504' title='bbox 2471 4031 2567 4087; x_wconf 87' lang='lat' dir='ltr'>the</span> <span class='ocrx_word' id='word_1_505' title='bbox 2598 4028 2725 4084; x_wconf 87' lang='lat' dir='ltr'>16th</span> <span class='ocrx_word' id='word_1_506' title='bbox 2753 4028 3094 4085; x_wconf 85' lang='lat' dir='ltr'>November.</span> <span class='ocrx_word' id='word_1_507' title='bbox 3167 4027 3184 4056; x_wconf 87' lang='lat'>‘</span> <span class='ocrx_word' id='word_1_508' title='bbox 3204 4028 3278 4083; x_wconf 80' lang='lat' dir='ltr'>Et</span> 
     </span>
     <span class='ocr_line' id='line_1_42' title="bbox 718 4116 3278 4189; baseline -0.001 -16"><span class='ocrx_word' id='word_1_509' title='bbox 718 4118 919 4173; x_wconf 88' lang='lat' dir='ltr'>eodem</span> <span class='ocrx_word' id='word_1_510' title='bbox 952 4117 1043 4173; x_wconf 91' lang='lat' dir='ltr'>die</span> <span class='ocrx_word' id='word_1_511' title='bbox 1079 4116 1342 4174; x_wconf 87' lang='lat' dir='ltr'>dominus</span> <span class='ocrx_word' id='word_1_512' title='bbox 1378 4137 1473 4174; x_wconf 86' lang='lat' dir='ltr'>rex</span> <span class='ocrx_word' id='word_1_513' title='bbox 1511 4118 1842 4187; x_wconf 84' lang='lat' dir='ltr'>Edwardus,</span> <span class='ocrx_word' id='word_1_514' title='bbox 1867 4119 2085 4189; x_wconf 86' lang='lat' dir='ltr'>fugiens</span> <span class='ocrx_word' id='word_1_515' title='bbox 2109 4118 2167 4173; x_wconf 87' lang='lat' dir='ltr'>in</span> <span class='ocrx_word' id='word_1_516' title='bbox 2190 4118 2473 4187; x_wconf 84' lang='lat' dir='ltr'>Walliam,</span> <span class='ocrx_word' id='word_1_517' title='bbox 2496 4137 2533 4173; x_wconf 90' lang='lat' dir='ltr'>a</span> <span class='ocrx_word' id='word_1_518' title='bbox 2556 4117 2914 4174; x_wconf 83' lang='lat' dir='ltr'>walensibus</span> <span class='ocrx_word' id='word_1_519' title='bbox 2947 4116 3046 4173; x_wconf 75' lang='lat' dir='ltr'>suit</span> <span class='ocrx_word' id='word_1_520' title='bbox 3082 4125 3278 4187; x_wconf 84' lang='lat' dir='ltr'>captus</span> 
     </span>
     <span class='ocr_line' id='line_1_43' title="bbox 717 4204 3279 4279; baseline -0.001 -17"><span class='ocrx_word' id='word_1_521' title='bbox 717 4216 774 4262; x_wconf 89' lang='lat' dir='ltr'>et</span> <span class='ocrx_word' id='word_1_522' title='bbox 801 4204 1000 4262; x_wconf 88' lang='lat' dir='ltr'>ductus</span> <span class='ocrx_word' id='word_1_523' title='bbox 1022 4205 1097 4261; x_wconf 89' lang='lat' dir='ltr'>ad</span> <span class='ocrx_word' id='word_1_524' title='bbox 1123 4206 1414 4262; x_wconf 85' lang='lat' dir='ltr'>castellum</span> <span class='ocrx_word' id='word_1_525' title='bbox 1436 4205 1732 4263; x_wconf 85' lang='lat' dir='ltr'>Lantrosin</span> <span class='ocrx_word' id='word_1_526' title='bbox 1759 4224 1931 4279; x_wconf 88' lang='lat' dir='ltr'>prope</span> <span class='ocrx_word' id='word_1_527' title='bbox 1951 4209 2005 4261; x_wconf 91' lang='lat' dir='ltr'>N</span> <span class='ocrx_word' id='word_1_528' title='bbox 2011 4207 2092 4263; x_wconf 80' lang='lat' dir='ltr'>eiz</span> <span class='ocrx_word' id='word_1_529' title='bbox 2118 4207 2174 4262; x_wconf 90' lang='lat' dir='ltr'>in</span> <span class='ocrx_word' id='word_1_530' title='bbox 2193 4205 2415 4262; x_wconf 84' lang='lat' dir='ltr'>Wallia.</span> <span class='ocrx_word' id='word_1_531' title='bbox 2466 4205 2745 4262; x_wconf 89' lang='lat' dir='ltr'>Dominus</span> <span class='ocrx_word' id='word_1_532' title='bbox 2767 4208 2936 4277; x_wconf 85' lang='lat' dir='ltr'>Hugo</span> <span class='ocrx_word' id='word_1_533' title='bbox 2958 4205 3279 4276; x_wconf 88' lang='lat' dir='ltr'>Despenser</span> 
     </span>
    </p>
   </div>
  </div>
 </body>
</html>
