4154 4895
966 278 1003 337 8
1826 282 2319 342 CHROA‘JCON
2385 285 2492 341 CA
2501 284 2794 340 LFRID!

601 484 748 536 Δ».
769 487 920 537 1³1«.
962 482 1300 565 fragilibus
1338 504 1423 547 ex
1458 482 1722 565 virgulis
1763 494 1830 547 et
1862 484 2220 547 viminibus
2251 484 2392 548 sive
2423 485 2731 557 cratibus,
2768 484 2832 547 id
2881 497 2982 550 est
3021 480 3392 561 ‘herdelesss
3423 490 3672 571 cespite

960 616 1025 669 et
1074 604 1295 670 herbis
1346 606 1783 689 superstratis,
1832 606 2168 689 peditibus
2211 605 2478 689 quidem
2525 606 2759 689 perviis
2801 605 3022 671 saltim
3069 609 3347 674 consciis
3391 609 3675 687 cautele,

957 737 1060 791 set
1092 728 1392 809 equitum
1428 727 1720 810 pondera
1754 748 1887 792 non
1918 724 2330 791 valentibus¹
2379 726 2670 792 sufferre.
2764 727 3139 805 Scotorum,
3168 750 3453 812 quorum
3488 731 3673 805 nulli,

958 867 1116 929 rege
1174 849 1345 913 duce
1410 848 1776 932 proibente,
1838 847 1937 912 sas
1982 859 2120 912 erat
2165 868 2408 931 equum
2457 869 2827 931 pugnacem
2873 852 3278 927 asscendere,
3325 850 3674 917 exercitu¹

958 967 1021 1032 in
1069 976 1321 1032 turmas
1367 978 1438 1031 ut
1484 968 1774 1033 assolet³
1818 970 2052 1044 divis0,
2102 989 2232 1032 non
2288 967 2486 1051 longe
2543 990 2582 1033 a
2639 970 2936 1053 predicta
2999 970 3194 1043 fossa,
3259 973 3427 1038 inter
3489 973 3670 1057 ipsos

953 1100 1020 1153 et
1054 1088 1379 1173 Anglicos
1411 1112 1541 1154 non
1574 1092 1722 1155 dico
1753 1088 1985 1155 dolose
2028 1102 2127 1154 set
2168 1102 2361 1154 caute
2405 1090 2810 1171 excogitata,
2844 1092 3030 1156 stetit
3063 1093 3462 1158 solidissime
3497 1095 3672 1159 acies

952 1212 1272 1276 ordinata.
1366 1211 1475 1275 Ex
1521 1213 1800 1276 adverso
1848 1212 2330 1295 progredientis
2372 1212 2459 1275 ab
2504 1212 2851 1276 occidente
2909 1214 3242 1277 exercitus
3289 1212 3667 1295 Anglorum

954 1333 1203 1398 refulsit
1234 1329 1334 1396 sol
1367 1335 1584 1398 oriens
1618 1334 1681 1396 in
1714 1344 1939 1398 scutos
1984 1353 2223 1397 aureos
2260 1342 2325 1396 et
2370 1331 2596 1413 galeas
2631 1332 2893 1416 politas,
2924 1335 3109 1398 cuius
3141 1334 3304 1397 radii
3348 1336 3670 1399 micantes

952 1466 1257 1539 aspectus
1286 1467 1690 1519 armatorum
1742 1456 2226 1520 reverberantes
2269 1455 2626 1519 movissent
2661 1456 3153 1537 magnanimum
3190 1455 3662 1521 Alexandrum

954 1597 1025 1649 ut
1061 1584 1184 1648 illis
1217 1582 1360 1649 loco
1392 1596 1455 1649 et
1489 1586 1596 1648 die
1637 1582 1741 1648 vel
1785 1583 2010 1647 saltim
2054 1583 2219 1648 hora
2261 1584 2390 1647 diei
2431 1603 2854 1665 congressum
2895 1585 3367 1668 suspendisset,
3399 1597 3467 1651 et
3509 1586 3668 1650 solis

954 1705 1313 1777 meridiani,
1367 1726 1498 1788 que
1557 1704 1781 1769 suisset
1852 1704 1981 1769 illis
2047 1705 2306 1775 dexter,
2363 1704 2675 1769 iudicium
2738 1717 3240 1789 exspectasset;
3305 1717 3403 1770 set
3468 1708 3666 1789 protb

952 1825 1181 1890 dolorl
1238 1826 1607 1909 impetuosa
1651 1826 2069 1892 cervicositas
2115 1824 2512 1907 Anglorum,
2544 1825 2946 1908 suspendio⁴
2989 1825 3337 1891 conflictus
3381 1840 3664 1893 mortem

952 1946 1488 2029 preeligencium,
1561 1946 1795 2012 habuit
1870 1947 1932 2009 in
2011 1948 2222 2029 prima
2296 1946 2598 2010 custodia
2679 1946 3075 2030 phalangem
3146 1948 3520 2011 dextrarios
3595 1957 3664 2012 et

950 2087 1218 2150 grossos
1263 2068 1581 2132 cursarios
1626 2067 2098 2151 equitandum,
2130 2088 2301 2149 quos
2338 2065 2527 2131 latuit
2579 2066 2935 2131 Scotorum
2988 2068 3159 2131 fossa
3207 2068 3663 2151 integumento

953 2186 1185 2269 fragili,
1218 2200 1291 2253 ut
1321 2189 1573 2253 dictum
1607 2202 1725 2267 est,
1754 2188 2116 2253 sofisticata
2144 2213 2161 2266 3
2207 2189 2270 2252 in
2303 2188 2586 2252 secunda
2621 2210 2776 2251 vcro
2819 2190 3079 2272 pedites
3110 2209 3260 2253 cum
3305 2191 3664 2271 sagittariis

950 2309 1472 2373 adversariorum
1500 2309 1652 2392 suge
1684 2310 2071 2387 reservatis;
2107 2309 2169 2373 in
2203 2311 2402 2374 tercia
2433 2331 2591 2373 vero
2625 2330 2845 2391 regem
2880 2330 3032 2374 cum
3060 2312 3383 2394 episcopis
3413 2326 3478 2375 et
3511 2312 3663 2374 aliis

951 2431 1271 2513 religiosis
1294 2432 1447 2496 viris
1478 2443 1542 2496 et
1578 2432 1745 2497 inter
1778 2432 1956 2516 ipsos
1974 2432 2237 2496 vecordi
2271 2432 2478 2497 milite
2513 2426 2862 2518 li[ugonc]
2899 2432 2958 2496 lc
2993 2431 3296 2515 spenser.
3379 2432 3660 2517 Equites

950 2553 1135 2618 acieii
1171 2554 1379 2637 prime
1417 2555 1481 2616 in
1521 2553 1745 2617 hostes
1777 2555 2129 2638 progressi,
2163 2573 2480 2635 equorum
2516 2554 2947 2618 titubancium
2992 2555 3428 2618 anterioribus
3473 2555 3656 2637 pedi·

951 2676 1075 2739 bus
1118 2675 1182 2738 in
1217 2675 1461 2740 fossam
1502 2687 1679 2740 trans
1723 2676 1955 2760 plexas
1990 2675 2349 2760 perforatas
2391 2675 2628 2750 affixis,
2661 2675 3012 2759 precipites
3053 2689 3448 2746 corruerunt.
3487 2677 3656 2740 ccci·

951 2796 1210 2868 derunt,
1243 2809 1309 2862 et
1341 2818 1609 2862 omnem
1646 2799 1958 2863 insultum
1993 2809 2057 2861 et
2093 2798 2550 2861 crudelitatem
2597 2796 3115 2859 adversariorum
3163 2797 3344 2859 ruina
3386 2817 3472 2860 ex
3514 2797 3658 2860 alto

954 2932 1427 3000 prevenerunt3
1502 2921 1739 3002 quibus
1780 2920 2088 3003 collapsis
2134 2919 2522 2983 instcterunt
2567 2916 2814 2990 hostes,
2863 2929 3252 2988 mactantes,
3299 2919 3654 3001 capientes,

599 3051 712 3102 The
738 3121 745 3128 ⁸
953 3051 1017 3104 et
1040 3039 1195 3103 solis
1216 3041 1529 3105 divitibus
1556 3043 1952 3106 redimendis
1980 3052 2343 3124 parcentes.
2419 3039 2516 3102 Ibi
2546 3051 2702 3103 tunc
2733 3040 3035 3103 occubuit
3073 3039 3411 3102 Gilbertus
3429 3061 3656 3103 comes

602 3117 811 3234 {⁰2¹3
954 3160 1389 3234 Gloucestrie,
1451 3162 1699 3245 quem⁵
1762 3161 1951 3227 Scoti
2030 3163 2485 3226 redimendum
2552 3160 2828 3224 libenter
2889 3173 3348 3234 resen‘asscnt,
3409 3161 3460 3223 si
3539 3182 3656 3244 per

949 3295 1177 3364 togam
1230 3285 1491 3367 proprie
1533 3297 1881 3354 armature,
1914 3304 2116 3366 quam
2159 3295 2317 3347 tunc
2361 3302 2488 3345 non
2539 3281 2872 3354 induebat,
2909 3281 3122 3364 ipsum
3165 3283 3652 3362 cognovissent.

950 3402 1280 3468 Comitem
1314 3406 1799 3470 comitabantur
1836 3400 1959 3491 [in]
1986 3405 2011 3438 ⁶
2046 3406 2276 3467 mortis
2323 3405 2547 3466 itinere
2590 3403 2976 3466 lidmundus
3013 3401 3278 3468 Maulic.
3317 3401 3654 3466 Robcrtus

947 3526 1034 3589 de
1081 3525 1375 3598 Clifford,
1426 3527 1730 3608 Paganus
1776 3526 2060 3610 Tiptost,
2109 3526 2384 3606 ligidius
2437 3524 2847 3606 Dargentyn,
2894 3534 2957 3586 et
3008 3521 3197 3586 multi
3245 3523 3352 3585 alii
3401 3525 3652 3586 ordinis

949 3647 1265 3711 militaris.
1346 3647 1655 3712 Ceterum
1693 3649 1860 3711 inter
1891 3649 2061 3710 viros
2098 3647 2535 3729 redempcioni
2571 3645 2826 3708 suerunt
2865 3645 3168 3706 reservati
3198 3642 3532 3706 Xk'usridus
3565 3645 3651 3709 de

952 3767 1187 3832 Bohun
1220 3789 1441 3833 comes
1480 3769 1883 3840 lleresordie,
1914 3768 2240 3831 Iohannes
2272 3769 2354 3829 de
2389 3767 2694 3846 Segrave.
2726 3765 3049 3828 Iohannes
3081 3766 3164 3826 dc
3199 3763 3652 3844 Clas-cringhe,

948 3889 1317 3954 &villelmus
1358 3889 1418 3954 le
1464 3890 1771 3958 Latimer.
1806 3904 1871 3955 et
1908 3892 2037 3953 sere
2081 3889 2349 3954 trecenti
2383 3889 2496 3949 viri
2543 3887 2876 3948 militares.
2968 3887 3357 3949 occisorum
3403 3887 3466 3949 in
3501 3908 3646 3968 pre·

662 4029 840 4077 ιιοι.
945 4014 1131 4077 dicto
1172 4013 1548 4076 discrimine
1591 4011 1937 4076 nonnullos
1978 4012 2268 4075 detraxit
2315 4011 2377 4073 in
2411 4009 2664 4072 cladem
2708 4008 2929 4072 falanx
2975 4009 3466 4088 sagittariorum
3515 4027 3646 4070 non

1256 4163 1272 4198 ¹
1311 4166 1638 4221 salensium.
1682 4168 1741 4222 B.
2103 4165 2120 4196 ⁸
2157 4165 2478 4218 exertitum.
2521 4165 2581 4216 Β.
2937 4158 2958 4191 ⁸
2995 4161 3256 4215 assolet-t.
3301 4161 3362 4215 B.

1394 4257 1411 4282 ‘
1454 4255 1747 4324 suspendo.
1792 4255 1851 4307 B.
2281 4251 2298 4278 ⁸
2339 4271 2522 4320 quam.
2569 4251 2626 4302 ll.
3054 4249 3071 4276 ‘
3111 4267 3198 4300 om
3264 4249 3322 4302 n.
