<?xml version="1.0" encoding="UTF-8"?>
<!DOCTYPE html PUBLIC "-//W3C//DTD XHTML 1.0 Transitional//EN"
    "http://www.w3.org/TR/xhtml1/DTD/xhtml1-transitional.dtd">
<html xmlns="http://www.w3.org/1999/xhtml" xml:lang="en" lang="en">
 <head>
  <title>
</title>
<meta http-equiv="Content-Type" content="text/html;charset=utf-8" />
  <meta name='ocr-system' content='tesseract 3.04.00' />
  <meta name='ocr-capabilities' content='ocr_page ocr_carea ocr_par ocr_line ocrx_word'/>
</head>
<body>
  <div class='ocr_page' id='page_1' title='image "./chronicongalfri01thomgoog_0114.png"; bbox 0 0 4154 4895; ppageno 0'>
   <div class='ocr_carea' id='block_1_1' title="bbox 933 238 2747 302">
    <p class='ocr_par' dir='ltr' id='par_1_1' title="bbox 933 238 2747 302">
     <span class='ocr_line' id='line_1_1' title="bbox 933 238 2747 302; baseline 0.003 -5"><span class='ocrx_word' id='word_1_1' title='bbox 933 238 1011 301; x_wconf 87' lang='lat'>82</span> <span class='ocrx_word' id='word_1_2' title='bbox 1803 243 1851 299; x_wconf 87' lang='lat' dir='ltr'><em>C</em></span> <span class='ocrx_word' id='word_1_3' title='bbox 1849 243 2175 301; x_wconf 77' lang='lat' dir='ltr'><em>HRONIC</em></span> <span class='ocrx_word' id='word_1_4' title='bbox 2174 244 2296 300; x_wconf 88' lang='grc' dir='ltr'>ΟΝ</span> <span class='ocrx_word' id='word_1_5' title='bbox 2337 243 2747 302; x_wconf 73' lang='lat' dir='ltr'><em>GALFRID!</em></span> 
     </span>
    </p>
   </div>
   <div class='ocr_carea' id='block_1_2' title="bbox 572 443 3646 1378">
    <p class='ocr_par' dir='ltr' id='par_1_2' title="bbox 572 443 3646 1378">
     <span class='ocr_line' id='line_1_2' title="bbox 572 443 3638 529; baseline 0.002 -24"><span class='ocrx_word' id='word_1_6' title='bbox 572 455 889 506; x_wconf 58' lang='lat' dir='ltr'>mam.</span> <span class='ocrx_word' id='word_1_7' title='bbox 922 444 1218 510; x_wconf 89' lang='lat' dir='ltr'>exercitu</span> <span class='ocrx_word' id='word_1_8' title='bbox 1272 443 1728 511; x_wconf 79' lang='lat' dir='ltr'>innumerabili</span> <span class='ocrx_word' id='word_1_9' title='bbox 1789 444 1853 509; x_wconf 93' lang='lat' dir='ltr'>in</span> <span class='ocrx_word' id='word_1_10' title='bbox 1905 444 2081 511; x_wconf 86' lang='lat' dir='ltr'>acies</span> <span class='ocrx_word' id='word_1_11' title='bbox 2138 456 2294 510; x_wconf 90' lang='lat' dir='ltr'>octo</span> <span class='ocrx_word' id='word_1_12' title='bbox 2360 464 2634 529; x_wconf 87' lang='lat' dir='ltr'>magnas</span> <span class='ocrx_word' id='word_1_13' title='bbox 2686 445 2919 510; x_wconf 86' lang='lat' dir='ltr'>diviso.</span> <span class='ocrx_word' id='word_1_14' title='bbox 3010 443 3247 511; x_wconf 82' lang='lat' dir='ltr'>Gallici</span> <span class='ocrx_word' id='word_1_15' title='bbox 3301 466 3523 529; x_wconf 85' lang='lat' dir='ltr'>regem</span> <span class='ocrx_word' id='word_1_16' title='bbox 3571 458 3638 511; x_wconf 86' lang='lat' dir='ltr'>et</span> 
     </span>
     <span class='ocr_line' id='line_1_3' title="bbox 925 564 3642 651; baseline 0 -21"><span class='ocrx_word' id='word_1_17' title='bbox 925 564 1248 649; x_wconf 80' lang='lat' dir='ltr'>Anglicos</span> <span class='ocrx_word' id='word_1_18' title='bbox 1275 566 1559 650; x_wconf 85' lang='lat' dir='ltr'>superbe</span> <span class='ocrx_word' id='word_1_19' title='bbox 1587 564 2145 642; x_wconf 88' lang='lat' dir='ltr'>exclamaverunt,</span> <span class='ocrx_word' id='word_1_20' title='bbox 2177 564 2495 631; x_wconf 81' lang='lat' dir='ltr'>militibus</span> <span class='ocrx_word' id='word_1_21' title='bbox 2527 567 2831 650; x_wconf 91' lang='lat' dir='ltr'>utrinque</span> <span class='ocrx_word' id='word_1_22' title='bbox 2861 566 2926 631; x_wconf 92' lang='lat' dir='ltr'>in</span> <span class='ocrx_word' id='word_1_23' title='bbox 2956 568 3132 632; x_wconf 86' lang='lat' dir='ltr'>vado</span> <span class='ocrx_word' id='word_1_24' title='bbox 3161 577 3226 631; x_wconf 86' lang='lat' dir='ltr'>et</span> <span class='ocrx_word' id='word_1_25' title='bbox 3257 587 3455 651; x_wconf 88' lang='lat' dir='ltr'>super</span> <span class='ocrx_word' id='word_1_26' title='bbox 3486 566 3642 631; x_wconf 78' lang='lat' dir='ltr'>litus</span> 
     </span>
     <span class='ocr_line' id='line_1_4' title="bbox 928 685 3640 771; baseline 0 -19"><span class='ocrx_word' id='word_1_27' title='bbox 928 706 1110 752; x_wconf 90' lang='lat' dir='ltr'>more</span> <span class='ocrx_word' id='word_1_28' title='bbox 1160 707 1393 770; x_wconf 79' lang='lat' dir='ltr'>guerre</span> <span class='ocrx_word' id='word_1_29' title='bbox 1437 685 2034 752; x_wconf 86' lang='lat' dir='ltr'>hastiludiantibus.</span> <span class='ocrx_word' id='word_1_30' title='bbox 2127 685 2282 752; x_wconf 85' lang='lat' dir='ltr'>Rex</span> <span class='ocrx_word' id='word_1_31' title='bbox 2329 686 2507 751; x_wconf 84' lang='lat' dir='ltr'>misit</span> <span class='ocrx_word' id='word_1_32' title='bbox 2551 686 2813 752; x_wconf 90' lang='lat' dir='ltr'>tiranno</span> <span class='ocrx_word' id='word_1_33' title='bbox 2856 687 3136 752; x_wconf 79' lang='lat' dir='ltr'>offerens</span> <span class='ocrx_word' id='word_1_34' title='bbox 3180 686 3526 771; x_wconf 82' lang='lat' dir='ltr'>pacificum</span> <span class='ocrx_word' id='word_1_35' title='bbox 3572 700 3640 753; x_wconf 87' lang='lat' dir='ltr'>et</span> 
     </span>
     <span class='ocr_line' id='line_1_5' title="bbox 929 806 3641 894; baseline 0 -22"><span class='ocrx_word' id='word_1_36' title='bbox 929 810 1348 892; x_wconf 84' lang='lat' dir='ltr'>indempnem</span> <span class='ocrx_word' id='word_1_37' title='bbox 1381 808 1727 873; x_wconf 84' lang='lat' dir='ltr'>transitum</span> <span class='ocrx_word' id='word_1_38' title='bbox 1769 829 1884 893; x_wconf 90' lang='lat' dir='ltr'>per</span> <span class='ocrx_word' id='word_1_39' title='bbox 1912 808 2159 873; x_wconf 92' lang='lat' dir='ltr'>vadum</span> <span class='ocrx_word' id='word_1_40' title='bbox 2192 807 2276 872; x_wconf 87' lang='lat' dir='ltr'>ad</span> <span class='ocrx_word' id='word_1_41' title='bbox 2314 806 2690 890; x_wconf 88' lang='lat' dir='ltr'>eligendum</span> <span class='ocrx_word' id='word_1_42' title='bbox 2726 808 2853 873; x_wconf 91' lang='lat' dir='ltr'>sibi</span> <span class='ocrx_word' id='word_1_43' title='bbox 2897 808 3114 874; x_wconf 91' lang='lat' dir='ltr'>locum</span> <span class='ocrx_word' id='word_1_44' title='bbox 3153 820 3386 894; x_wconf 90' lang='lat' dir='ltr'>aptum</span> <span class='ocrx_word' id='word_1_45' title='bbox 3424 808 3641 885; x_wconf 84' lang='lat' dir='ltr'>bello;</span> 
     </span>
     <span class='ocr_line' id='line_1_6' title="bbox 926 927 3641 1013; baseline -0.001 -17"><span class='ocrx_word' id='word_1_46' title='bbox 926 941 1027 996; x_wconf 85' lang='lat' dir='ltr'>set</span> <span class='ocrx_word' id='word_1_47' title='bbox 1081 928 1545 994; x_wconf 79' lang='lat' dir='ltr'>formidolosus</span> <span class='ocrx_word' id='word_1_48' title='bbox 1604 928 1726 995; x_wconf 89' lang='lat' dir='ltr'>iste</span> <span class='ocrx_word' id='word_1_49' title='bbox 1782 927 2143 1013; x_wconf 78' lang='lat' dir='ltr'>Philippus,</span> <span class='ocrx_word' id='word_1_50' title='bbox 2190 929 2305 1012; x_wconf 91' lang='lat' dir='ltr'>qui</span> <span class='ocrx_word' id='word_1_51' title='bbox 2358 949 2429 993; x_wconf 91' lang='lat' dir='ltr'>se</span> <span class='ocrx_word' id='word_1_52' title='bbox 2479 940 2674 994; x_wconf 87' lang='lat' dir='ltr'>antea</span> <span class='ocrx_word' id='word_1_53' title='bbox 2734 930 3110 995; x_wconf 78' lang='lat' dir='ltr'>minabatur</span> <span class='ocrx_word' id='word_1_54' title='bbox 3164 929 3641 1012; x_wconf 88' lang='lat' dir='ltr'>insequiturum</span> 
     </span>
     <span class='ocr_line' id='line_1_7' title="bbox 931 1048 3644 1135; baseline -0.001 -20"><span class='ocrx_word' id='word_1_55' title='bbox 931 1071 1172 1135; x_wconf 88' lang='lat' dir='ltr'>regem,</span> <span class='ocrx_word' id='word_1_56' title='bbox 1205 1049 1413 1116; x_wconf 92' lang='lat' dir='ltr'>noluit</span> <span class='ocrx_word' id='word_1_57' title='bbox 1444 1061 1601 1116; x_wconf 91' lang='lat' dir='ltr'>tunc</span> <span class='ocrx_word' id='word_1_58' title='bbox 1642 1048 1908 1127; x_wconf 89' lang='lat' dir='ltr'>bellum,</span> <span class='ocrx_word' id='word_1_59' title='bbox 1938 1061 2037 1116; x_wconf 90' lang='lat' dir='ltr'>set</span> <span class='ocrx_word' id='word_1_60' title='bbox 2079 1049 2267 1133; x_wconf 80' lang='lat' dir='ltr'>quasi</span> <span class='ocrx_word' id='word_1_61' title='bbox 2314 1050 2400 1115; x_wconf 86' lang='lat' dir='ltr'>ad</span> <span class='ocrx_word' id='word_1_62' title='bbox 2446 1049 2648 1115; x_wconf 88' lang='lat' dir='ltr'>alium</span> <span class='ocrx_word' id='word_1_63' title='bbox 2698 1049 2914 1116; x_wconf 92' lang='lat' dir='ltr'>locum</span> <span class='ocrx_word' id='word_1_64' title='bbox 2962 1070 3204 1134; x_wconf 87' lang='lat' dir='ltr'>aquam</span> <span class='ocrx_word' id='word_1_65' title='bbox 3251 1051 3644 1115; x_wconf 81' lang='lat' dir='ltr'>transiturus</span> 
     </span>
     <span class='ocr_line' id='line_1_8' title="bbox 577 1170 3645 1256; baseline -0 -18"><span class='ocrx_word' id='word_1_66' title='bbox 577 1174 825 1227; x_wconf 62' lang='lat' dir='ltr'>nument</span> <span class='ocrx_word' id='word_1_67' title='bbox 932 1172 1319 1247; x_wconf 86' lang='lat' dir='ltr'>divertebat,</span> <span class='ocrx_word' id='word_1_68' title='bbox 1370 1180 1437 1237; x_wconf 91' lang='lat' dir='ltr'>et</span> <span class='ocrx_word' id='word_1_69' title='bbox 1498 1190 1616 1236; x_wconf 89' lang='lat' dir='ltr'>rex</span> <span class='ocrx_word' id='word_1_70' title='bbox 1671 1170 1886 1254; x_wconf 88' lang='lat' dir='ltr'>ipsum</span> <span class='ocrx_word' id='word_1_71' title='bbox 1939 1170 2340 1255; x_wconf 74' lang='lat' dir='ltr'>expectabat</span> <span class='ocrx_word' id='word_1_72' title='bbox 2394 1192 2510 1256; x_wconf 90' lang='lat' dir='ltr'>per</span> <span class='ocrx_word' id='word_1_73' title='bbox 2560 1181 2774 1236; x_wconf 84' lang='lat' dir='ltr'>totam</span> <span class='ocrx_word' id='word_1_74' title='bbox 2830 1183 3113 1237; x_wconf 88' lang='lat' dir='ltr'>noctem.</span> <span class='ocrx_word' id='word_1_75' title='bbox 3208 1170 3284 1235; x_wconf 89' lang='lat' dir='ltr'>In</span> <span class='ocrx_word' id='word_1_76' title='bbox 3335 1172 3645 1249; x_wconf 86' lang='lat' dir='ltr'>crastino,</span> 
     </span>
     <span class='ocr_line' id='line_1_9' title="bbox 576 1242 3646 1378; baseline 0 -18"><span class='ocrx_word' id='word_1_77' title='bbox 576 1242 752 1308; x_wconf 39' lang='lat' dir='ltr'>cm*</span> <span class='ocrx_word' id='word_1_78' title='bbox 930 1294 1176 1361; x_wconf 88' lang='lat' dir='ltr'>scilicet</span> <span class='ocrx_word' id='word_1_79' title='bbox 1207 1292 1315 1357; x_wconf 89' lang='lat' dir='ltr'>die</span> <span class='ocrx_word' id='word_1_80' title='bbox 1351 1291 1651 1367; x_wconf 73' lang='lat' dir='ltr'>sabbati,</span> <span class='ocrx_word' id='word_1_81' title='bbox 1683 1312 1801 1357; x_wconf 89' lang='lat' dir='ltr'>rex</span> <span class='ocrx_word' id='word_1_82' title='bbox 1834 1292 2165 1376; x_wconf 88' lang='lat' dir='ltr'>promovit</span> <span class='ocrx_word' id='word_1_83' title='bbox 2196 1311 2389 1357; x_wconf 91' lang='lat' dir='ltr'>suum</span> <span class='ocrx_word' id='word_1_84' title='bbox 2426 1292 2791 1358; x_wconf 87' lang='lat' dir='ltr'>exercitum</span> <span class='ocrx_word' id='word_1_85' title='bbox 2823 1293 2909 1358; x_wconf 86' lang='lat' dir='ltr'>ad</span> <span class='ocrx_word' id='word_1_86' title='bbox 2941 1312 3250 1378; x_wconf 87' lang='lat' dir='ltr'>campum</span> <span class='ocrx_word' id='word_1_87' title='bbox 3288 1293 3374 1358; x_wconf 91' lang='lat' dir='ltr'>de</span> <span class='ocrx_word' id='word_1_88' title='bbox 3407 1292 3646 1363; x_wconf 79' lang='lat' dir='ltr'>Cressi.</span> 
     </span>
    </p>
   </div>
   <div class='ocr_carea' id='block_1_3' title="bbox 929 1411 3647 1860">
    <p class='ocr_par' dir='ltr' id='par_1_3' title="bbox 929 1411 3647 1860">
     <span class='ocr_line' id='line_1_10' title="bbox 929 1411 3644 1499; baseline -0.001 -20"><span class='ocrx_word' id='word_1_89' title='bbox 929 1415 1042 1479; x_wconf 88' lang='lat' dir='ltr'>ubi</span> <span class='ocrx_word' id='word_1_90' title='bbox 1095 1413 1387 1479; x_wconf 86' lang='lat' dir='ltr'>obviavit</span> <span class='ocrx_word' id='word_1_91' title='bbox 1439 1413 1522 1477; x_wconf 89' lang='lat' dir='ltr'>eii</span> <span class='ocrx_word' id='word_1_92' title='bbox 1575 1414 1904 1478; x_wconf 88' lang='lat' dir='ltr'>exercitus</span> <span class='ocrx_word' id='word_1_93' title='bbox 1951 1412 2209 1478; x_wconf 87' lang='lat' dir='ltr'>tiranni.</span> <span class='ocrx_word' id='word_1_94' title='bbox 2304 1411 2514 1497; x_wconf 85' lang='lat' dir='ltr'>Igitur</span> <span class='ocrx_word' id='word_1_95' title='bbox 2567 1433 2684 1477; x_wconf 87' lang='lat' dir='ltr'>rex</span> <span class='ocrx_word' id='word_1_96' title='bbox 2737 1433 2996 1499; x_wconf 85' lang='lat' dir='ltr'>semper</span> <span class='ocrx_word' id='word_1_97' title='bbox 3040 1414 3126 1479; x_wconf 86' lang='lat' dir='ltr'>ad</span> <span class='ocrx_word' id='word_1_98' title='bbox 3173 1414 3450 1498; x_wconf 90' lang='lat' dir='ltr'>prelium</span> <span class='ocrx_word' id='word_1_99' title='bbox 3498 1435 3644 1498; x_wconf 84' lang='lat' dir='ltr'>pre·</span> 
     </span>
     <span class='ocr_line' id='line_1_11' title="bbox 931 1532 3647 1621; baseline -0 -20"><span class='ocrx_word' id='word_1_100' title='bbox 931 1547 1218 1621; x_wconf 86' lang='lat' dir='ltr'>paratus,</span> <span class='ocrx_word' id='word_1_101' title='bbox 1263 1545 1331 1600; x_wconf 95' lang='lat' dir='ltr'>et</span> <span class='ocrx_word' id='word_1_102' title='bbox 1390 1534 1491 1599; x_wconf 91' lang='lat' dir='ltr'>sui</span> <span class='ocrx_word' id='word_1_103' title='bbox 1543 1535 1874 1600; x_wconf 88' lang='lat' dir='ltr'>exercitus</span> <span class='ocrx_word' id='word_1_104' title='bbox 1924 1534 2065 1599; x_wconf 89' lang='lat' dir='ltr'>acie</span> <span class='ocrx_word' id='word_1_105' title='bbox 2118 1534 2332 1618; x_wconf 83' lang='lat' dir='ltr'>prima</span> <span class='ocrx_word' id='word_1_106' title='bbox 2385 1534 2661 1619; x_wconf 87' lang='lat' dir='ltr'>principi</span> <span class='ocrx_word' id='word_1_107' title='bbox 2713 1532 2954 1600; x_wconf 84' lang='lat' dir='ltr'>Wallie</span> <span class='ocrx_word' id='word_1_108' title='bbox 3008 1533 3145 1601; x_wconf 83' lang='lat' dir='ltr'>filio</span> <span class='ocrx_word' id='word_1_109' title='bbox 3195 1535 3647 1611; x_wconf 82' lang='lat' dir='ltr'>subordinata,</span> 
     </span>
     <span class='ocr_line' id='line_1_12' title="bbox 929 1654 3644 1731; baseline -0 -9"><span class='ocrx_word' id='word_1_110' title='bbox 929 1655 1232 1722; x_wconf 87' lang='lat' dir='ltr'>custodia</span> <span class='ocrx_word' id='word_1_111' title='bbox 1273 1656 1557 1721; x_wconf 78' lang='lat' dir='ltr'>secunde</span> <span class='ocrx_word' id='word_1_112' title='bbox 1603 1655 1820 1731; x_wconf 87' lang='lat' dir='ltr'>missa,</span> <span class='ocrx_word' id='word_1_113' title='bbox 1864 1654 2136 1720; x_wconf 88' lang='lat' dir='ltr'>terciam</span> <span class='ocrx_word' id='word_1_114' title='bbox 2183 1655 2554 1721; x_wconf 82' lang='lat' dir='ltr'>custodiam</span> <span class='ocrx_word' id='word_1_115' title='bbox 2600 1655 2725 1720; x_wconf 89' lang='lat' dir='ltr'>sibi</span> <span class='ocrx_word' id='word_1_116' title='bbox 2772 1655 3073 1731; x_wconf 88' lang='lat' dir='ltr'>retinens,</span> <span class='ocrx_word' id='word_1_117' title='bbox 3112 1656 3337 1721; x_wconf 84' lang='lat' dir='ltr'>omnia</span> <span class='ocrx_word' id='word_1_118' title='bbox 3385 1654 3534 1721; x_wconf 85' lang='lat' dir='ltr'>Deo</span> <span class='ocrx_word' id='word_1_119' title='bbox 3576 1668 3644 1721; x_wconf 82' lang='lat' dir='ltr'>et</span> 
     </span>
     <span class='ocr_line' id='line_1_13' title="bbox 930 1774 3644 1860; baseline -0 -18"><span class='ocrx_word' id='word_1_120' title='bbox 930 1776 1187 1858; x_wconf 85' lang='lat' dir='ltr'>Virgini</span> <span class='ocrx_word' id='word_1_121' title='bbox 1225 1775 1417 1840; x_wconf 89' lang='lat' dir='ltr'>beate</span> <span class='ocrx_word' id='word_1_122' title='bbox 1458 1775 1966 1851; x_wconf 90' lang='lat' dir='ltr'>commendavit,</span> <span class='ocrx_word' id='word_1_123' title='bbox 1996 1774 2347 1841; x_wconf 87' lang='lat' dir='ltr'>observato</span> <span class='ocrx_word' id='word_1_124' title='bbox 2381 1776 2563 1858; x_wconf 93' lang='lat' dir='ltr'>quod</span> <span class='ocrx_word' id='word_1_125' title='bbox 2607 1774 2708 1840; x_wconf 89' lang='lat' dir='ltr'>sui</span> <span class='ocrx_word' id='word_1_126' title='bbox 2752 1795 2982 1840; x_wconf 86' lang='lat' dir='ltr'>omnes</span> <span class='ocrx_word' id='word_1_127' title='bbox 3027 1776 3283 1860; x_wconf 68' lang='lat' dir='ltr'>peditoe</span> <span class='ocrx_word' id='word_1_128' title='bbox 3329 1775 3644 1841; x_wconf 85' lang='lat' dir='ltr'>insultum</span> 
     </span>
    </p>
   </div>
   <div class='ocr_carea' id='block_1_4' title="bbox 931 1896 3646 2101">
    <p class='ocr_par' dir='ltr' id='par_1_4' title="bbox 931 1896 3646 2101">
     <span class='ocr_line' id='line_1_14' title="bbox 931 1896 3646 1981; baseline 0 -19"><span class='ocrx_word' id='word_1_129' title='bbox 931 1897 1238 1963; x_wconf 86' lang='lat' dir='ltr'>hostilem</span> <span class='ocrx_word' id='word_1_130' title='bbox 1286 1897 1749 1981; x_wconf 84' lang='lat' dir='ltr'>expectabant,</span> <span class='ocrx_word' id='word_1_131' title='bbox 1796 1897 2151 1961; x_wconf 86' lang='lat' dir='ltr'>dextrariis</span> <span class='ocrx_word' id='word_1_132' title='bbox 2195 1907 2263 1962; x_wconf 93' lang='lat' dir='ltr'>et</span> <span class='ocrx_word' id='word_1_133' title='bbox 2309 1897 2612 1963; x_wconf 86' lang='lat' dir='ltr'>cursariis</span> <span class='ocrx_word' id='word_1_134' title='bbox 2658 1916 2810 1963; x_wconf 90' lang='lat' dir='ltr'>cum</span> <span class='ocrx_word' id='word_1_135' title='bbox 2865 1896 3258 1964; x_wconf 82' lang='lat' dir='ltr'>victualibus</span> <span class='ocrx_word' id='word_1_136' title='bbox 3305 1898 3646 1963; x_wconf 86' lang='lat' dir='ltr'>venacioni</span> 
     </span>
     <span class='ocr_line' id='line_1_15' title="bbox 934 2016 2111 2101; baseline -0.002 -20"><span class='ocrx_word' id='word_1_137' title='bbox 934 2018 1223 2083; x_wconf 87' lang='lat' dir='ltr'>hostium</span> <span class='ocrx_word' id='word_1_138' title='bbox 1276 2016 1697 2101; x_wconf 78' lang='lat' dir='ltr'>fugitivorum</span> <span class='ocrx_word' id='word_1_139' title='bbox 1748 2017 2111 2081; x_wconf 84' lang='lat' dir='ltr'>reservatis.</span> 
     </span>
    </p>
   </div>
   <div class='ocr_carea' id='block_1_5' title="bbox 582 2136 3656 4160">
    <p class='ocr_par' dir='ltr' id='par_1_5' title="bbox 582 2136 3649 2707">
     <span class='ocr_line' id='line_1_16' title="bbox 582 2136 3648 2256; baseline 0.001 -55"><span class='ocrx_word' id='word_1_140' title='bbox 582 2206 641 2256; x_wconf 74' lang='lat' dir='ltr'>ot</span> <span class='ocrx_word' id='word_1_141' title='bbox 790 2140 896 2190; x_wconf 73' lang='lat' dir='ltr'>uon</span> <span class='ocrx_word' id='word_1_142' title='bbox 1112 2137 1463 2202; x_wconf 84' lang='lat' dir='ltr'>Exercitus</span> <span class='ocrx_word' id='word_1_143' title='bbox 1496 2136 1897 2203; x_wconf 83' lang='lat' dir='ltr'>Francorum</span> <span class='ocrx_word' id='word_1_144' title='bbox 1932 2137 2049 2201; x_wconf 80' lang='lat' dir='ltr'>suit</span> <span class='ocrx_word' id='word_1_145' title='bbox 2085 2138 2149 2201; x_wconf 91' lang='lat' dir='ltr'>in</span> <span class='ocrx_word' id='word_1_146' title='bbox 2185 2157 2422 2203; x_wconf 90' lang='lat' dir='ltr'>novem</span> <span class='ocrx_word' id='word_1_147' title='bbox 2454 2148 2707 2202; x_wconf 89' lang='lat' dir='ltr'>turmas</span> <span class='ocrx_word' id='word_1_148' title='bbox 2735 2138 3004 2202; x_wconf 88' lang='lat' dir='ltr'>divisus.</span> <span class='ocrx_word' id='word_1_149' title='bbox 3096 2136 3316 2203; x_wconf 85' lang='lat' dir='ltr'>Prima</span> <span class='ocrx_word' id='word_1_150' title='bbox 3344 2137 3648 2205; x_wconf 77' lang='lat' dir='ltr'>custodia</span> 
     </span>
     <span class='ocr_line' id='line_1_17' title="bbox 586 2259 3649 2344; baseline 0.001 -24"><span class='ocrx_word' id='word_1_151' title='bbox 586 2268 780 2321; x_wconf 69' lang='lat' dir='ltr'>French</span> <span class='ocrx_word' id='word_1_152' title='bbox 934 2260 1069 2344; x_wconf 83' lang='lat' dir='ltr'>regi</span> <span class='ocrx_word' id='word_1_153' title='bbox 1116 2259 1402 2335; x_wconf 86' lang='lat' dir='ltr'>Boemie,</span> <span class='ocrx_word' id='word_1_154' title='bbox 1438 2259 1581 2324; x_wconf 91' lang='lat' dir='ltr'>viro</span> <span class='ocrx_word' id='word_1_155' title='bbox 1628 2279 1864 2341; x_wconf 84' lang='lat' dir='ltr'>magne</span> <span class='ocrx_word' id='word_1_156' title='bbox 1908 2259 2236 2343; x_wconf 87' lang='lat' dir='ltr'>sapiencie</span> <span class='ocrx_word' id='word_1_157' title='bbox 2275 2270 2341 2324; x_wconf 89' lang='lat' dir='ltr'>et</span> <span class='ocrx_word' id='word_1_158' title='bbox 2384 2279 2718 2324; x_wconf 87' lang='lat' dir='ltr'>armorum</span> <span class='ocrx_word' id='word_1_159' title='bbox 2757 2260 3188 2344; x_wconf 88' lang='lat' dir='ltr'>experiencie,</span> <span class='ocrx_word' id='word_1_160' title='bbox 3225 2260 3649 2325; x_wconf 82' lang='lat' dir='ltr'>commenda·</span> 
     </span>
     <span class='ocr_line' id='line_1_18' title="bbox 582 2352 3646 2467; baseline -0.001 -20"><span class='ocrx_word' id='word_1_161' title='bbox 582 2352 737 2399; x_wconf 54' lang='lat' dir='ltr'>‘my&#39;</span> <span class='ocrx_word' id='word_1_162' title='bbox 935 2382 1148 2457; x_wconf 88' lang='lat' dir='ltr'>batur,</span> <span class='ocrx_word' id='word_1_163' title='bbox 1184 2381 1298 2464; x_wconf 91' lang='lat' dir='ltr'>qui</span> <span class='ocrx_word' id='word_1_164' title='bbox 1343 2380 1577 2445; x_wconf 89' lang='lat' dir='ltr'>eodem</span> <span class='ocrx_word' id='word_1_165' title='bbox 1615 2380 1723 2443; x_wconf 90' lang='lat' dir='ltr'>die</span> <span class='ocrx_word' id='word_1_166' title='bbox 1760 2379 1824 2442; x_wconf 90' lang='lat' dir='ltr'>in</span> <span class='ocrx_word' id='word_1_167' title='bbox 1861 2380 2327 2465; x_wconf 87' lang='lat' dir='ltr'>purgacionem</span> <span class='ocrx_word' id='word_1_168' title='bbox 2370 2401 2485 2444; x_wconf 89' lang='lat' dir='ltr'>sue</span> <span class='ocrx_word' id='word_1_169' title='bbox 2524 2379 2696 2445; x_wconf 79' lang='lat' dir='ltr'>same</span> <span class='ocrx_word' id='word_1_170' title='bbox 2736 2380 2934 2466; x_wconf 90' lang='lat' dir='ltr'>peciit</span> <span class='ocrx_word' id='word_1_171' title='bbox 2978 2401 3020 2446; x_wconf 92' lang='lat' dir='ltr'>a</span> <span class='ocrx_word' id='word_1_172' title='bbox 3059 2381 3318 2446; x_wconf 87' lang='lat' dir='ltr'>tiranno</span> <span class='ocrx_word' id='word_1_173' title='bbox 3358 2380 3646 2467; x_wconf 86' lang='lat' dir='ltr'>primum</span> 
     </span>
     <span class='ocr_line' id='line_1_19' title="bbox 935 2501 3648 2586; baseline -0.001 -17"><span class='ocrx_word' id='word_1_174' title='bbox 935 2505 1250 2569; x_wconf 89' lang='lat' dir='ltr'>ducatum</span> <span class='ocrx_word' id='word_1_175' title='bbox 1317 2513 1519 2585; x_wconf 93' lang='lat' dir='ltr'>atque</span> <span class='ocrx_word' id='word_1_176' title='bbox 1589 2501 2007 2586; x_wconf 86' lang='lat' dir='ltr'>prophetavit</span> <span class='ocrx_word' id='word_1_177' title='bbox 2082 2522 2154 2566; x_wconf 86' lang='lat' dir='ltr'>se</span> <span class='ocrx_word' id='word_1_178' title='bbox 2223 2503 2613 2568; x_wconf 88' lang='lat' dir='ltr'>moriturum</span> <span class='ocrx_word' id='word_1_179' title='bbox 2673 2514 2904 2567; x_wconf 89' lang='lat' dir='ltr'>contra</span> <span class='ocrx_word' id='word_1_180' title='bbox 2969 2502 3354 2568; x_wconf 90' lang='lat' dir='ltr'>nobiliorem</span> <span class='ocrx_word' id='word_1_181' title='bbox 3418 2503 3648 2569; x_wconf 84' lang='lat' dir='ltr'>mundi</span> 
     </span>
     <span class='ocr_line' id='line_1_20' title="bbox 939 2622 3646 2707; baseline 0 -19"><span class='ocrx_word' id='word_1_182' title='bbox 939 2624 1255 2703; x_wconf 81' lang='lat' dir='ltr'>militem3</span> <span class='ocrx_word' id='word_1_183' title='bbox 1307 2624 1430 2687; x_wconf 91' lang='lat' dir='ltr'>sibi</span> <span class='ocrx_word' id='word_1_184' title='bbox 1474 2623 1649 2687; x_wconf 89' lang='lat' dir='ltr'>enim</span> <span class='ocrx_word' id='word_1_185' title='bbox 1696 2622 1938 2688; x_wconf 92' lang='lat' dir='ltr'>dicenti</span> <span class='ocrx_word' id='word_1_186' title='bbox 1986 2643 2205 2706; x_wconf 89' lang='lat' dir='ltr'>regem</span> <span class='ocrx_word' id='word_1_187' title='bbox 2249 2623 2495 2706; x_wconf 80' lang='lat' dir='ltr'>Anglie</span> <span class='ocrx_word' id='word_1_188' title='bbox 2538 2643 2668 2689; x_wconf 90' lang='lat' dir='ltr'>non</span> <span class='ocrx_word' id='word_1_189' title='bbox 2706 2644 2849 2688; x_wconf 86' lang='lat' dir='ltr'>esse</span> <span class='ocrx_word' id='word_1_190' title='bbox 2895 2622 3118 2707; x_wconf 82' lang='lat' dir='ltr'>sugam</span> <span class='ocrx_word' id='word_1_191' title='bbox 3167 2624 3478 2689; x_wconf 87' lang='lat' dir='ltr'>initurum</span> <span class='ocrx_word' id='word_1_192' title='bbox 3526 2623 3646 2689; x_wconf 77' lang='lat' dir='ltr'>suit</span> 
     </span>
    </p>

    <p class='ocr_par' dir='ltr' id='par_1_6' title="bbox 937 2744 3650 2829">
     <span class='ocr_line' id='line_1_21' title="bbox 937 2744 3650 2829; baseline 0.001 -21"><span class='ocrx_word' id='word_1_193' title='bbox 937 2745 1243 2811; x_wconf 86' lang='lat' dir='ltr'>vecordia</span> <span class='ocrx_word' id='word_1_194' title='bbox 1274 2744 1738 2829; x_wconf 80' lang='lat' dir='ltr'>improperata,</span> <span class='ocrx_word' id='word_1_195' title='bbox 1770 2746 1944 2810; x_wconf 89' lang='lat' dir='ltr'>unde</span> <span class='ocrx_word' id='word_1_196' title='bbox 1980 2745 2272 2828; x_wconf 90' lang='lat' dir='ltr'>regimen</span> <span class='ocrx_word' id='word_1_197' title='bbox 2304 2745 2516 2829; x_wconf 89' lang='lat' dir='ltr'>prime</span> <span class='ocrx_word' id='word_1_198' title='bbox 2551 2744 2849 2810; x_wconf 89' lang='lat' dir='ltr'>custodie</span> <span class='ocrx_word' id='word_1_199' title='bbox 2879 2744 3109 2809; x_wconf 85' lang='lat' dir='ltr'>habuit</span> <span class='ocrx_word' id='word_1_200' title='bbox 3146 2765 3298 2812; x_wconf 89' lang='lat' dir='ltr'>cum</span> <span class='ocrx_word' id='word_1_201' title='bbox 3332 2745 3650 2810; x_wconf 73' lang='lat' dir='ltr'>instancia</span> 
     </span>
    </p>

    <p class='ocr_par' dir='ltr' id='par_1_7' title="bbox 938 2864 3650 3192">
     <span class='ocr_line' id='line_1_22' title="bbox 940 2864 3650 2949; baseline 0 -20"><span class='ocrx_word' id='word_1_202' title='bbox 940 2886 1201 2949; x_wconf 80' lang='lat' dir='ltr'>magna.</span> <span class='ocrx_word' id='word_1_203' title='bbox 1289 2864 1583 2930; x_wconf 86' lang='lat' dir='ltr'>Tantum</span> <span class='ocrx_word' id='word_1_204' title='bbox 1648 2866 1855 2932; x_wconf 81' lang='lat' dir='ltr'>securi</span> <span class='ocrx_word' id='word_1_205' title='bbox 1927 2865 2183 2931; x_wconf 79' lang='lat' dir='ltr'>suerunt</span> <span class='ocrx_word' id='word_1_206' title='bbox 2252 2865 2316 2930; x_wconf 92' lang='lat' dir='ltr'>in</span> <span class='ocrx_word' id='word_1_207' title='bbox 2384 2864 2807 2930; x_wconf 90' lang='lat' dir='ltr'>multitudine</span> <span class='ocrx_word' id='word_1_208' title='bbox 2871 2865 2972 2929; x_wconf 84' lang='lat' dir='ltr'>sui</span> <span class='ocrx_word' id='word_1_209' title='bbox 3031 2865 3357 2930; x_wconf 88' lang='lat' dir='ltr'>exercitus</span> <span class='ocrx_word' id='word_1_210' title='bbox 3417 2865 3650 2930; x_wconf 78' lang='lat' dir='ltr'>heroes</span> 
     </span>
     <span class='ocr_line' id='line_1_23' title="bbox 942 2984 3650 3071; baseline -0.001 -19"><span class='ocrx_word' id='word_1_211' title='bbox 942 2987 1364 3063; x_wconf 82' lang='lat' dir='ltr'>Francorum,</span> <span class='ocrx_word' id='word_1_212' title='bbox 1423 2986 1603 3069; x_wconf 92' lang='lat' dir='ltr'>quod</span> <span class='ocrx_word' id='word_1_213' title='bbox 1678 2986 1914 3070; x_wconf 87' lang='lat' dir='ltr'>singuli</span> <span class='ocrx_word' id='word_1_214' title='bbox 1992 2987 2325 3071; x_wconf 89' lang='lat' dir='ltr'>pecierunt</span> <span class='ocrx_word' id='word_1_215' title='bbox 2399 2984 2691 3068; x_wconf 84' lang='lat' dir='ltr'>singulas</span> <span class='ocrx_word' id='word_1_216' title='bbox 2757 3006 3070 3070; x_wconf 88' lang='lat' dir='ltr'>personas</span> <span class='ocrx_word' id='word_1_217' title='bbox 3129 2984 3450 3068; x_wconf 79' lang='lat' dir='ltr'>Anglicas</span> <span class='ocrx_word' id='word_1_218' title='bbox 3513 2987 3650 3049; x_wconf 84' lang='lat' dir='ltr'>suis</span> 
     </span>
     <span class='ocr_line' id='line_1_24' title="bbox 938 3105 3648 3192; baseline -0.002 -16"><span class='ocrx_word' id='word_1_219' title='bbox 938 3107 1306 3176; x_wconf 87' lang='lat' dir='ltr'>carceribus</span> <span class='ocrx_word' id='word_1_220' title='bbox 1365 3107 1853 3191; x_wconf 83' lang='lat' dir='ltr'>mancipandas.</span> <span class='ocrx_word' id='word_1_221' title='bbox 1966 3107 2119 3172; x_wconf 86' lang='lat' dir='ltr'>Rex</span> <span class='ocrx_word' id='word_1_222' title='bbox 2181 3106 2507 3189; x_wconf 85' lang='lat' dir='ltr'>Malogrie</span> <span class='ocrx_word' id='word_1_223' title='bbox 2565 3106 2762 3192; x_wconf 91' lang='lat' dir='ltr'>peciit</span> <span class='ocrx_word' id='word_1_224' title='bbox 2817 3127 3039 3191; x_wconf 79' lang='lat' dir='ltr'>regem</span> <span class='ocrx_word' id='word_1_225' title='bbox 3088 3105 3464 3189; x_wconf 83' lang='lat' dir='ltr'>Anglorum</span> <span class='ocrx_word' id='word_1_226' title='bbox 3523 3107 3648 3170; x_wconf 82' lang='lat' dir='ltr'>sibi</span> 
     </span>
    </p>

    <p class='ocr_par' dir='ltr' id='par_1_8' title="bbox 938 3226 3650 3313">
     <span class='ocr_line' id='line_1_25' title="bbox 938 3226 3650 3313; baseline -0.002 -17"><span class='ocrx_word' id='word_1_227' title='bbox 938 3230 1101 3306; x_wconf 86' lang='lat' dir='ltr'>dari,</span> <span class='ocrx_word' id='word_1_228' title='bbox 1150 3229 1261 3294; x_wconf 87' lang='lat' dir='ltr'>alii</span> <span class='ocrx_word' id='word_1_229' title='bbox 1316 3228 1696 3313; x_wconf 90' lang='lat' dir='ltr'>principem,</span> <span class='ocrx_word' id='word_1_230' title='bbox 1743 3228 1855 3294; x_wconf 89' lang='lat' dir='ltr'>alii</span> <span class='ocrx_word' id='word_1_231' title='bbox 1906 3229 2220 3295; x_wconf 89' lang='lat' dir='ltr'>comitem</span> <span class='ocrx_word' id='word_1_232' title='bbox 2272 3227 2819 3313; x_wconf 81' lang='lat' dir='ltr'>Norbamptonie,</span> <span class='ocrx_word' id='word_1_233' title='bbox 2879 3227 2992 3292; x_wconf 87' lang='lat' dir='ltr'>alii</span> <span class='ocrx_word' id='word_1_234' title='bbox 3053 3226 3238 3300; x_wconf 80' lang='lat' dir='ltr'>alios,</span> <span class='ocrx_word' id='word_1_235' title='bbox 3285 3229 3650 3294; x_wconf 73' lang='lat' dir='ltr'>secundum</span> 
     </span>
    </p>

    <p class='ocr_par' dir='ltr' id='par_1_9' title="bbox 940 3348 3652 3435">
     <span class='ocr_line' id='line_1_26' title="bbox 940 3348 3652 3435; baseline -0.001 -18"><span class='ocrx_word' id='word_1_236' title='bbox 940 3352 1122 3435; x_wconf 92' lang='lat' dir='ltr'>quod</span> <span class='ocrx_word' id='word_1_237' title='bbox 1188 3351 1580 3415; x_wconf 87' lang='lat' dir='ltr'>videbantur</span> <span class='ocrx_word' id='word_1_238' title='bbox 1642 3349 2033 3428; x_wconf 88' lang='lat' dir='ltr'>nobiliores;</span> <span class='ocrx_word' id='word_1_239' title='bbox 2107 3361 2206 3414; x_wconf 83' lang='lat' dir='ltr'>set</span> <span class='ocrx_word' id='word_1_240' title='bbox 2272 3349 2566 3414; x_wconf 83' lang='lat' dir='ltr'>tirannus</span> <span class='ocrx_word' id='word_1_241' title='bbox 2639 3348 2960 3424; x_wconf 82' lang='lat' dir='ltr'>hastutus,</span> <span class='ocrx_word' id='word_1_242' title='bbox 3019 3348 3260 3413; x_wconf 78' lang='lat' dir='ltr'>timens</span> <span class='ocrx_word' id='word_1_243' title='bbox 3330 3369 3413 3414; x_wconf 88' lang='lat' dir='ltr'>ne</span> <span class='ocrx_word' id='word_1_244' title='bbox 3477 3350 3652 3414; x_wconf 74' lang='lat' dir='ltr'>circa</span> 
     </span>
    </p>

    <p class='ocr_par' dir='ltr' id='par_1_10' title="bbox 657 3468 3654 3676">
     <span class='ocr_line' id='line_1_27' title="bbox 657 3468 3654 3556; baseline -0.001 -18"><span class='ocrx_word' id='word_1_245' title='bbox 657 3494 696 3544; x_wconf 73' lang='lat' dir='ltr'>t.</span> <span class='ocrx_word' id='word_1_246' title='bbox 720 3494 838 3544; x_wconf 75' lang='lat' dir='ltr'>us.</span> <span class='ocrx_word' id='word_1_247' title='bbox 941 3470 1321 3556; x_wconf 90' lang='lat' dir='ltr'>capcionem</span> <span class='ocrx_word' id='word_1_248' title='bbox 1354 3471 1673 3537; x_wconf 91' lang='lat' dir='ltr'>nobilium</span> <span class='ocrx_word' id='word_1_249' title='bbox 1708 3471 2236 3535; x_wconf 80' lang='lat' dir='ltr'>redimendorum</span> <span class='ocrx_word' id='word_1_250' title='bbox 2269 3470 2368 3534; x_wconf 86' lang='lat' dir='ltr'>sui</span> <span class='ocrx_word' id='word_1_251' title='bbox 2408 3469 2616 3535; x_wconf 78' lang='lat' dir='ltr'>forent</span> <span class='ocrx_word' id='word_1_252' title='bbox 2650 3469 2924 3535; x_wconf 91' lang='lat' dir='ltr'>nimium</span> <span class='ocrx_word' id='word_1_253' title='bbox 2956 3468 3243 3554; x_wconf 79' lang='lat' dir='ltr'>ocupati.</span> <span class='ocrx_word' id='word_1_254' title='bbox 3273 3482 3337 3534; x_wconf 84' lang='lat' dir='ltr'>et</span> <span class='ocrx_word' id='word_1_255' title='bbox 3376 3469 3654 3554; x_wconf 79' lang='lat' dir='ltr'>proinde</span> 
     </span>
     <span class='ocr_line' id='line_1_28' title="bbox 942 3589 3650 3676; baseline -0.001 -21"><span class='ocrx_word' id='word_1_256' title='bbox 942 3593 1203 3676; x_wconf 84' lang='lat' dir='ltr'>segnius</span> <span class='ocrx_word' id='word_1_257' title='bbox 1246 3593 1331 3656; x_wconf 91' lang='lat' dir='ltr'>ad</span> <span class='ocrx_word' id='word_1_258' title='bbox 1378 3611 1795 3657; x_wconf 88' lang='lat' dir='ltr'>communem</span> <span class='ocrx_word' id='word_1_259' title='bbox 1842 3591 2184 3656; x_wconf 86' lang='lat' dir='ltr'>victoriam</span> <span class='ocrx_word' id='word_1_260' title='bbox 2232 3590 2630 3666; x_wconf 86' lang='lat' dir='ltr'>hanelarent,</span> <span class='ocrx_word' id='word_1_261' title='bbox 2662 3591 2845 3654; x_wconf 85' lang='lat' dir='ltr'>iussit</span> <span class='ocrx_word' id='word_1_262' title='bbox 2890 3589 3209 3674; x_wconf 82' lang='lat' dir='ltr'>explicari</span> <span class='ocrx_word' id='word_1_263' title='bbox 3253 3609 3446 3654; x_wconf 87' lang='lat' dir='ltr'>suum</span> <span class='ocrx_word' id='word_1_264' title='bbox 3487 3610 3650 3654; x_wconf 81' lang='lat' dir='ltr'>vex·</span> 
     </span>
    </p>

    <p class='ocr_par' dir='ltr' id='par_1_11' title="bbox 594 3702 3655 4038">
     <span class='ocr_line' id='line_1_29' title="bbox 594 3702 3654 3820; baseline -0.002 -41"><span class='ocrx_word' id='word_1_265' title='bbox 594 3702 823 3820; x_wconf 60' lang='lat' dir='ltr'>m·</span> <span class='ocrx_word' id='word_1_266' title='bbox 946 3713 1129 3778; x_wconf 92' lang='lat' dir='ltr'>illum</span> <span class='ocrx_word' id='word_1_267' title='bbox 1171 3713 1353 3796; x_wconf 90' lang='lat' dir='ltr'>quod</span> <span class='ocrx_word' id='word_1_268' title='bbox 1384 3725 1656 3778; x_wconf 88' lang='lat' dir='ltr'>vocatur</span> <span class='ocrx_word' id='word_1_269' title='bbox 1696 3709 2174 3784; x_wconf 81' lang='lat' dir='ltr'>Olifiammum,</span> <span class='ocrx_word' id='word_1_270' title='bbox 2203 3731 2338 3794; x_wconf 89' lang='lat' dir='ltr'>quo</span> <span class='ocrx_word' id='word_1_271' title='bbox 2377 3723 2613 3784; x_wconf 84' lang='lat' dir='ltr'>erecto,</span> <span class='ocrx_word' id='word_1_272' title='bbox 2645 3730 2776 3775; x_wconf 91' lang='lat' dir='ltr'>non</span> <span class='ocrx_word' id='word_1_273' title='bbox 2819 3710 2998 3777; x_wconf 89' lang='lat' dir='ltr'>licuit</span> <span class='ocrx_word' id='word_1_274' title='bbox 3041 3709 3166 3775; x_wconf 89' lang='lat' dir='ltr'>sub</span> <span class='ocrx_word' id='word_1_275' title='bbox 3203 3729 3372 3795; x_wconf 78' lang='lat' dir='ltr'>pena</span> <span class='ocrx_word' id='word_1_276' title='bbox 3413 3711 3654 3794; x_wconf 76' lang='lat' dir='ltr'>capitis</span> 
     </span>
     <span class='ocr_line' id='line_1_30' title="bbox 594 3827 3655 3917; baseline -0.001 -18"><span class='ocrx_word' id='word_1_277' title='bbox 594 3835 838 3887; x_wconf 69' lang='lat' dir='ltr'>mrmled.</span> <span class='ocrx_word' id='word_1_278' title='bbox 943 3834 1230 3916; x_wconf 82' lang='lat' dir='ltr'>aliquem</span> <span class='ocrx_word' id='word_1_279' title='bbox 1260 3853 1493 3917; x_wconf 86' lang='lat' dir='ltr'>capere</span> <span class='ocrx_word' id='word_1_280' title='bbox 1521 3833 1607 3898; x_wconf 86' lang='lat' dir='ltr'>ad</span> <span class='ocrx_word' id='word_1_281' title='bbox 1638 3833 1843 3897; x_wconf 86' lang='lat' dir='ltr'>vitam</span> <span class='ocrx_word' id='word_1_282' title='bbox 1878 3834 2360 3897; x_wconf 82' lang='lat' dir='ltr'>reservandum.</span> <span class='ocrx_word' id='word_1_283' title='bbox 2449 3831 2831 3897; x_wconf 87' lang='lat' dir='ltr'>Vocabatur</span> <span class='ocrx_word' id='word_1_284' title='bbox 2871 3831 3141 3914; x_wconf 84' lang='lat' dir='ltr'>inquam</span> <span class='ocrx_word' id='word_1_285' title='bbox 3173 3827 3655 3904; x_wconf 80' lang='lat' dir='ltr'>Oliflammum.</span> 
     </span>
     <span class='ocr_line' id='line_1_31' title="bbox 947 3947 3653 4038; baseline -0.001 -19"><span class='ocrx_word' id='word_1_286' title='bbox 947 3953 1318 4038; x_wconf 82' lang='lat' dir='ltr'>significans</span> <span class='ocrx_word' id='word_1_287' title='bbox 1356 3953 1866 4019; x_wconf 85' lang='lat' dir='ltr'>miscricordiam</span> <span class='ocrx_word' id='word_1_288' title='bbox 1902 3953 2303 4019; x_wconf 83' lang='lat' dir='ltr'>Francorum</span> <span class='ocrx_word' id='word_1_289' title='bbox 2338 3953 2666 4018; x_wconf 86' lang='lat' dir='ltr'>incensam</span> <span class='ocrx_word' id='word_1_290' title='bbox 2697 3952 2988 4036; x_wconf 76' lang='lat' dir='ltr'>aliquem</span> <span class='ocrx_word' id='word_1_291' title='bbox 3022 3947 3412 4017; x_wconf 83' lang='lat' dir='ltr'>mortalem¹</span> <span class='ocrx_word' id='word_1_292' title='bbox 3447 3971 3653 4016; x_wconf 76' lang='lat' dir='ltr'>reser-</span> 
     </span>
    </p>

    <p class='ocr_par' dir='ltr' id='par_1_12' title="bbox 948 4071 3656 4160">
     <span class='ocr_line' id='line_1_32' title="bbox 948 4071 3656 4160; baseline -0 -21"><span class='ocrx_word' id='word_1_293' title='bbox 948 4097 1100 4141; x_wconf 84' lang='lat' dir='ltr'>vare</span> <span class='ocrx_word' id='word_1_294' title='bbox 1128 4077 1213 4141; x_wconf 91' lang='lat' dir='ltr'>ad</span> <span class='ocrx_word' id='word_1_295' title='bbox 1247 4075 1452 4140; x_wconf 83' lang='lat' dir='ltr'>vitam</span> <span class='ocrx_word' id='word_1_296' title='bbox 1490 4095 1620 4142; x_wconf 88' lang='lat' dir='ltr'>non</span> <span class='ocrx_word' id='word_1_297' title='bbox 1661 4097 1871 4160; x_wconf 80' lang='lat' dir='ltr'>posse,</span> <span class='ocrx_word' id='word_1_298' title='bbox 1917 4075 2100 4140; x_wconf 88' lang='lat' dir='ltr'>sicud</span> <span class='ocrx_word' id='word_1_299' title='bbox 2139 4094 2257 4140; x_wconf 90' lang='lat' dir='ltr'>nec</span> <span class='ocrx_word' id='word_1_300' title='bbox 2298 4073 2518 4140; x_wconf 92' lang='lat' dir='ltr'>oleum</span> <span class='ocrx_word' id='word_1_301' title='bbox 2562 4071 3044 4138; x_wconf 83' lang='lat' dir='ltr'>inflammatum</span> <span class='ocrx_word' id='word_1_302' title='bbox 3082 4071 3275 4139; x_wconf 84' lang='lat' dir='ltr'>alicui</span> <span class='ocrx_word' id='word_1_303' title='bbox 3315 4073 3656 4139; x_wconf 67' lang='lat' dir='ltr'>mutabili</span> 
     </span>
    </p>
   </div>
   <div class='ocr_carea' id='block_1_6' title="bbox 1965 4212 2627 4284">
    <p class='ocr_par' dir='ltr' id='par_1_13' title="bbox 1965 4212 2627 4284">
     <span class='ocr_line' id='line_1_33' title="bbox 1965 4212 2627 4284; baseline -0.003 -16"><span class='ocrx_word' id='word_1_304' title='bbox 1965 4212 2523 4284; x_wconf 54' lang='lat' dir='ltr'>&#39;mortalempoue</span> <span class='ocrx_word' id='word_1_305' title='bbox 2565 4213 2627 4269; x_wconf 84' lang='grc' dir='ltr'>Β.</span> 
     </span>
    </p>
   </div>
   <div class='ocr_carea' id='block_1_7' title="bbox 632 545 832 560">
    <p class='ocr_par' dir='ltr' id='par_1_14' title="bbox 632 545 832 560">
     <span class='ocr_line' id='line_1_34' title="bbox 632 545 832 560; baseline 0 0"><span class='ocrx_word' id='word_1_306' title='bbox 632 545 832 560; x_wconf 95' lang='lat' dir='ltr'> </span> 
     </span>
    </p>
   </div>
  </div>
 </body>
</html>
