4154 4895
1255 290 1368 345 LE
1409 289 1703 346 BAKER
1745 288 1865 344 DE
1908 287 2530 348 SWYNEBROKE.
3125 305 3246 370 149

538 494 869 560 dimendis
899 488 1195 576 captiviS,
1227 493 1388 557 inire
1419 490 1660 575 coegit.
1753 489 1894 569 Set,
1926 510 2008 554 ne
2052 489 2334 568 victores
2370 490 2646 557 nimium
2693 505 3245 578 prosequerentur
3279 513 3423 562 Am.
3436 513 3598 563 1856.

539 618 870 701 fugitivos,
888 616 1088 681 duces
1119 615 1322 680 nostri
1355 615 1810 700 providebant,
1831 612 2216 678 estimantes
2248 634 2378 678 non
2409 614 2670 698 decepti
2701 615 2880 699 quod
2911 616 3247 683 fortunato

538 738 696 805 belli
762 737 1087 823 principio
1146 736 1335 802 labor
1394 735 1697 833 egregius
1756 736 2135 800 succederet
2206 746 2357 819 post
2424 718 2760 802 accessum
2834 739 3246 804 exercituum

539 861 929 926 futurorum.
1020 858 1300 924 Proinde
1344 858 1546 922 nostri
1592 878 1663 921 se
1707 858 2155 935 resarcierunt,
2195 868 2262 922 et
2307 858 2522 941 prima
2564 859 2986 943 secundaque
3030 872 3252 926 nostre

541 974 839 1049 custodie
881 980 1129 1066 pariter
1169 1002 1242 1046 se
1284 980 1754 1064 glomerarunt.
1960 960 1965 965 ’

715 1104 864 1168 Nec
928 1122 1135 1180 mora,
1189 1101 1609 1185 progreditur
1670 1099 1845 1166 acies
1906 1098 2119 1166 altera
2181 1099 2604 1180 Gallicorum,
2666 1123 2867 1186 quam
2929 1103 3250 1188 produxit
3288 1114 3526 1167 Admoe
3547 1115 3606 1166 of

542 1224 1022 1309 primogenitus
1068 1222 1363 1288 coronati
1398 1222 1825 1300 Francorum,
1856 1233 2022 1306 puta
2067 1222 2371 1287 Delfinus
2415 1224 2781 1288 Vienensis.
2856 1225 3249 1310 Apparatus
3287 1182 3571 1299 {mamad

541 1344 736 1410 huius
780 1344 944 1411 aciei
988 1344 1112 1409 fuit
1156 1343 1506 1409 terribilior
1550 1354 1751 1427 atque
1794 1343 2207 1410 veemencior
2254 1364 2456 1428 quam
2502 1344 2702 1410 facies
2743 1344 2900 1410 belli
2945 1347 3252 1430 primitus

544 1466 862 1551 repressi;
909 1487 1041 1532 non
1071 1476 1297 1531 tamen
1328 1464 1547 1549 potuit
1577 1475 1822 1529 terrere
1853 1474 2114 1530 nostros
2159 1465 2389 1530 avidos
2419 1464 2685 1531 honoris
2714 1477 2781 1531 et
2823 1479 3252 1552 exasperatos

544 1588 795 1673 seipsos
859 1598 976 1652 aut
1036 1587 1251 1652 socios
1317 1586 1500 1670 prius
1561 1586 1890 1658 sauciatos
1933 1586 2283 1652 vindicare.
2374 1585 2497 1652 Set
2564 1589 2881 1654 audacter
2947 1591 3252 1674 utrinque

541 1709 1074 1794 congrediuntur,
1120 1708 1205 1774 ad
1251 1718 1429 1773 astra
1487 1718 1761 1774 tonante
1805 1708 2066 1774 tumido
2122 1707 2333 1773 boatu
2378 1719 2681 1774 sanctum
2729 1708 3090 1794 Georgium
3135 1732 3253 1777 seu

544 1831 816 1896 beatum
887 1807 1263 1896 Dionisium
1331 1830 1652 1913 arbitrum
1721 1829 1877 1895 belli
1939 1829 2079 1894 fore
2157 1829 2590 1895 favorabilem
2672 1832 3253 1915 proclamancium.

549 1953 719 2018 Mox
765 1953 830 2017 in
858 1952 1071 2017 virum
1112 1953 1214 2017 vir
1256 1953 1616 2018 debacatur
1660 1963 1728 2017 et
1773 1973 1894 2036 pro
1924 1952 2061 2017 vita
2100 1953 2381 2034 quisque
2415 1953 2711 2017 decertat
2743 1955 2940 2019 obvio
2973 1965 3254 2021 mortem

545 2076 942 2159 propinare3
990 2095 1109 2141 nec
1154 2075 1450 2159 rapidius
1501 2075 1635 2139 seta
1676 2075 1867 2138 leena
1927 2046 2159 2158 lupum
2206 2074 2437 2138 sternit
2483 2074 2751 2158 tigrisve
2795 2086 3014 2154 terret,
3052 2097 3252 2160 quam

546 2194 845 2280 generosi
909 2196 1115 2262 nostri
1181 2197 1395 2281 togati
1456 2196 1891 2262 confuderunt
1953 2206 2069 2260 aut
2133 2195 2439 2280 fugarunt
2501 2207 2795 2262 armatos
2857 2196 3099 2276 hostes,
3168 2209 3254 2277 et,

548 2317 852 2400 quamvis
925 2317 1179 2384 diucius
1256 2318 1382 2382 ista
1455 2318 1653 2402 priori
1728 2328 1949 2409 turma
2020 2317 2262 2382 nostris
2335 2316 2699 2410 resistebat,
2773 2327 3020 2397 tamen,
3100 2330 3254 2404 post

548 2450 839 2523 stragem
889 2459 1197 2524 magnam
1245 2460 1535 2518 suorum,
1579 2438 1783 2505 talem
1842 2438 2177 2524 sapientes
2237 2438 2519 2505 inierunt
2576 2440 2926 2520 cautelam,
2985 2440 3252 2526 qualem
3291 2460 3406 2512 Itis

548 2581 682 2626 non
727 2560 952 2645 sugam
998 2572 1099 2625 set
1144 2561 1440 2645 pulcram
1487 2561 1955 2628 retraccionem
2004 2561 2412 2627 invincibiles
2463 2582 2576 2627 ore
2622 2561 2798 2628 Galli
2827 2574 2980 2630 sunt
3010 2566 3253 2630 assueti
3291 2525 3535 2594 repnlsed.

549 2682 861 2747 vocitare.
951 2681 1182 2747 Nostri
1227 2703 1403 2761 vero,
1447 2683 1938 2749 considerantes
1997 2683 2178 2767 quod
2222 2684 2445 2768 gracia
2490 2684 2708 2769 campi
2754 2684 2878 2750 suit
2922 2687 3256 2770 ambigua,

549 2803 865 2888 quamdiu
910 2814 1263 2869 coronatus
1308 2825 1458 2870 cum
1504 2805 1641 2869 suis
1701 2805 1908 2889 copiis
1951 2805 2155 2870 affore
2199 2816 2422 2889 posset
2469 2805 2783 2890 quodque
2827 2807 3040 2874 vicina
3084 2808 3257 2874 valle

550 2924 804 2999 lateret,
848 2923 1201 2990 noluerunt
1245 2925 1521 3009 proinde
1566 2927 1970 3010 persecuturi
2017 2923 2342 3010 fugientes
2387 2928 2618 2991 cedere
2662 2948 2920 3012 camp0.

727 3046 882 3113 Hoc
939 3066 1069 3111 non
1131 3047 1482 3131 perpendit
1540 3046 1781 3131 dignus
1843 3047 2204 3113 illustribus
2260 3049 2644 3132 parentibus
2688 3047 2900 3126 heros,
2946 3050 3254 3116 dominus
3340 3075 3379 3122 r.
3402 3070 3550 3123 148⁸.

554 3167 910 3233 Mauricius
970 3169 1055 3233 de
1123 3168 1487 3252 Berkeleye
1554 3167 1726 3233 filius
1792 3167 2072 3263 Thome,
2118 3171 2251 3253 qui,
2309 3190 2428 3253 per
2484 3179 2699 3236 totam
2759 3170 3074 3255 principis
3133 3193 3253 3236 ex·
3290 3150 3511 3201 prom
3533 3151 3593 3200 ‘²¹'

3291 3215 3360 3265 uir
3374 3215 3595 3267 Maurice

553 3290 967 3375 pedicionem
1021 3288 1393 3355 biennalem
1439 3291 1526 3355 ad
1571 3289 1890 3355 vexillum
1937 3311 2092 3355 suos
2137 3291 2401 3369 ducenS,
2448 3290 2617 3356 inter
2660 3291 3007 3375 precipuos
3051 3302 3254 3376 atque
3292 3281 3548 3346 Berkeley.

553 3411 803 3495 primos
843 3410 1059 3495 primo
1097 3410 1320 3477 cornui
1365 3409 1879 3477 belloforontum
1922 3433 2285 3496 numquam
2331 3411 2555 3478 deficit
2599 3433 2719 3487 sua
2758 3422 3016 3496 sponte.
3108 3413 3257 3479 Hac

551 3531 717 3598 hora
739 3530 937 3597 solito
962 3552 1145 3597 more
1164 3531 1187 3569 ¹
1214 3552 1364 3597 cum
1396 3509 1795 3617 primoribus
1828 3531 2051 3598 hostes
2075 3533 2407 3612 invadens,
2427 3534 2664 3616 dignos
2689 3534 2932 3598 eternis
2955 3533 3258 3622 laudibus

551 3666 739 3720 actus
783 3664 1014 3719 contra
1060 3651 1289 3718 Gallos
1332 3654 1721 3719 fulminavit.
1811 3653 1960 3732 Hic,
2007 3654 2253 3719 Delfini
2298 3640 2578 3739 satrapis
2626 3655 2876 3720 mixtus
2920 3665 2987 3720 et
3034 3655 3099 3719 in
3144 3675 3258 3722 eos

527 3775 809 3840 *seviens
852 3785 1110 3840 armata
1156 3794 1376 3851 manu,
1423 3796 1553 3841 non
1598 3776 1878 3859 putabat
1925 3774 2153 3859 fugere
2206 3774 2495 3841 Francos
2539 3776 2856 3858 quamdiu
2899 3775 3064 3844 vidit
3111 3774 3258 3841 illos

555 3906 826 3975 erect05,
871 3904 939 3960 et
995 3895 1083 3959 ad
1144 3895 1473 3961 anteriora
1531 3906 1713 3961 totus
1773 3896 2085 3975 intentus,
2130 3917 2284 3961 suos
2344 3917 2762 3981 nequaquam
2823 3896 3172 3981 respiciens
3217 3919 3258 3962 a

553 4029 745 4102 tergo
810 4036 931 4082 nec
994 4016 1447 4102 contemplans
1508 4018 1574 4082 in
1632 4039 1782 4083 aere
1846 4018 2052 4102 signa,
2113 4017 2294 4083 solus
2372 4019 2888 4102 persequebatur
2958 4038 3256 4110 securam

556 4138 868 4206 miliciam
901 4138 1125 4223 magni
1158 4138 1425 4218 Delfini,
1454 4150 1682 4206 contra
1714 4160 1915 4223 quam
1962 4139 2192 4206 lancea
2236 4139 2609 4224 deindeque
2652 4138 2873 4225 gladio
2918 4150 2986 4205 et
3028 4139 3262 4205 ceteris

1768 4306 1787 4339 ¹
1825 4324 1931 4363 om.
1972 4308 2038 4363 Β.
