4154 4895
1239 282 1350 336 LE
1393 279 1686 336 BAKER
1730 280 1850 334 DE
1892 278 2518 334 SWYNEBROKE.
3155 269 3238 354 83

529 500 723 567 posse
747 502 1031 566 parcere.
1124 481 1230 546 Ita
1247 481 1566 546 vexillum
1587 481 1673 545 ad
1695 481 2004 545 dextram
2029 479 2426 545 stacionardi
2448 478 2683 562 regalis
2709 479 2765 541 F
2767 478 2982 544 rancie
3001 478 3236 543 habuit
3274 477 3586 527 «lm-18⁴⁶·

527 625 725 669 aurea
744 603 879 669 lilia
909 603 1044 669 lata
1080 624 1232 669 cum
1265 602 1391 668 filis
1414 604 1626 669 aureis
1649 625 1689 668 a
1714 601 2025 668 lateribus
2054 601 2282 666 vexilli
2307 600 2466 683 regii
2493 601 2916 679 Francorum,
2946 600 3135 684 quasi
3168 600 3234 664 in
3274 658 3386 710 The

527 744 738 789 vacuo
757 724 1223 809 dependencia.
1292 720 1351 784 Ε
1385 734 1614 790 contra
1638 746 1757 788 rex
1787 722 2033 806 Anglie
2066 722 2251 786 iussit
2284 719 2636 805 explicari¹
2675 743 2867 786 suum
2897 722 3237 800 vexillum,
3275 723 3490 791 English

531 844 595 909 in
623 865 758 928 quo
789 847 991 911 draco
1035 845 1238 910 armis
1279 846 1413 909 suis
1444 856 1713 929 togatus
1745 844 2227 928 depingebatur
2258 854 2325 908 et
2355 844 2598 908 abinde
2630 842 2750 907 suit
2783 854 3235 927 nuncupatum
3276 865 3385 935 stan
3418 806 3507 906 {rud

530 970 546 998 ‘
569 964 838 1049 Drago,’
894 966 1266 1049 significans
1327 966 1650 1031 feritatem
1709 965 2147 1050 leoparditam
2202 975 2403 1048 atque
2463 964 2779 1029 miticiam
2842 964 3126 1031 liliorum
3173 966 3237 1030 in
3278 921 3554 988 duplayed.

528 1072 990 1153 draconcinam
1037 1087 1490 1153 crudelitatem
1539 1088 1736 1152 fuisse
1778 1107 2180 1152 conversam.

700 1203 905 1286 Acies
944 1203 1164 1269 taliter
1203 1205 1500 1270 ordinate
1545 1215 1865 1269 steterunt
1907 1204 1971 1268 in
2008 1224 2248 1288 campo
2284 1203 2371 1267 ab
2412 1203 2575 1268 hora
2613 1202 2826 1287 prima
2862 1204 2991 1268 diei
3034 1224 3240 1288 usque
3278 1216 3457 1282 Delay.

528 1324 615 1388 ad
651 1344 1011 1408 vesperam,
1045 1323 1449 1391 Gallicorum
1483 1325 1902 1391 multitudine
1937 1325 2262 1389 honerosa
2304 1345 2419 1408 per
2459 1325 2879 1389 advenientes
2914 1324 3241 1390 continuis

533 1444 943 1510 incrementis
977 1446 1430 1531 multiplicata.
1520 1447 1842 1524 Tandem,
1873 1445 2045 1512 circa
2074 1444 2231 1511 solis
2260 1464 2587 1522 occasum,
2605 1445 3016 1510 exercituum
3047 1445 3242 1510 nimis
3280 1469 3433 1520 Com-

531 1565 946 1632 horridorum
986 1579 1137 1652 post
1176 1569 1510 1653 guerraria
1536 1568 1870 1648 astiludia‚
1901 1567 2116 1652 prima
2152 1566 2528 1644 certamina,
2559 1567 2738 1630 tubis
2768 1566 3241 1651 clangentibuS‚
3279 1541 3593 1651 ffiessffment

530 1686 845 1770 timpanis
896 1699 963 1752 et
1015 1690 1375 1773 naquirinis
1419 1711 1570 1756 cum
1622 1689 1798 1755 lituis
1851 1688 2311 1773 strepentibus,
2359 1686 2630 1753 Gallicis
2677 1688 3002 1773 Anglicos
3053 1688 3241 1771 quasi
3281 1666 3452 1717 ΜΕ·

531 1818 789 1872 tonaret
818 1809 1363 1888 exclamantibus,
1395 1811 1817 1876 incoaverunt
1847 1809 2164 1875 balistarii
2196 1809 2619 1884 Francorum,
2638 1829 2920 1890 quorum
2950 1808 3244 1893 quarelle

532 1928 782 1992 nullum
828 1929 1266 2014 Anglicorum
1313 1933 1675 2016 attigerunt
1719 1940 1819 1996 set
1872 1931 2245 1997 ceciderunt
2290 1951 2332 1995 a
2378 1929 2572 2014 longe
2616 1951 2839 1995 coram
2895 1931 3032 1995 eiis.
3122 1931 3242 1996 Ad

531 2050 879 2134 strepitum
945 2055 1381 2137 pregrandem
1442 2053 1926 2119 balistariorum
1994 2052 2267 2117 excitati
2332 2052 2656 2136 sagittarii
2714 2054 3026 2118 adversos
3090 2073 3243 2119 cum

530 2171 789 2254 sagittis
834 2173 1171 2240 confossos
1216 2196 1505 2253 necuere,
1550 2186 1617 2240 et
1668 2175 1946 2240 imbrem
1993 2172 2435 2257 quarellarum
2482 2174 2802 2256 grandine
2848 2174 3240 2258 sagittarum

533 2290 899 2357 finiverunt.
993 2294 1336 2362 Intellecto
1387 2298 1567 2379 quod
1622 2296 1941 2361 balistarii
2000 2294 2160 2358 nihil
2219 2294 2524 2377 Anglicis
2581 2306 2962 2373 nocuerunt,
3008 2294 3245 2361 Gallici
3285 2311 3483 2376 charge
3504 2310 3565 2361 os

531 2414 787 2492 armati,
819 2414 1160 2482 iuvenibus
1191 2417 1543 2483 dextrariis
1578 2428 1644 2483 et
1674 2417 1959 2502 agilibus
1997 2415 2301 2482 cursariis
2343 2415 2715 2493 insidenteS,
2746 2415 3119 2483 balistarios
3157 2418 3245 2483 ad
3285 2374 3594 2430 theFoench.

530 2555 877 2600 numerum
930 2546 1184 2622 septem
1238 2539 1748 2605 millenariorum
1811 2540 1978 2603 inter
2044 2538 2223 2622 ipsos
2281 2521 2348 2603 et
2401 2537 2725 2621 Anglicos
2783 2539 3062 2604 situatos
3120 2539 3245 2604 sub

533 2656 812 2740 pedibus
863 2677 1183 2740 equorum
1229 2660 1644 2726 calcaverunt
1695 2671 2081 2745 prostratOS,
2119 2660 2488 2744 impetuose
2549 2659 2929 2724 festinantes
2989 2660 3052 2723 in
3097 2660 3245 2725 An·

533 2777 738 2861 glicos
767 2798 919 2842 suas
950 2789 1278 2845 ostentare
1307 2782 1600 2846 virtutes.
1695 2781 1930 2865 Itaque
1962 2781 2129 2845 inter
2160 2781 2416 2865 pedites
2452 2782 2695 2865 grossis
2735 2782 2920 2864 equis
2956 2781 3245 2847 calcatos

533 2917 731 2962 sonus
798 2897 1069 2964 inorruit
1129 2900 1587 2980 lamentabilis,
1640 2922 1838 2985 quem
1898 2901 2296 2987 posteriores
2354 2902 2419 2964 in
2484 2901 2777 2967 exercitu
2842 2902 3244 2968 Francorum

535 3029 929 3102 putaverunt
978 3020 1175 3086 fuisse
1219 3023 1659 3106 Anglicorum
1708 3024 2154 3089 moriencium.
2246 3022 2604 3087 Nitebatur
2648 3023 2924 3107 proinde
2968 3025 3246 3107 quilibet

535 3136 827 3204 Gallicus
857 3161 1011 3206 suos
1043 3145 1348 3226 prosequi
1378 3147 1802 3229 precedentes
1818 3168 1838 3221 3
1878 3156 1978 3209 set
2008 3145 2095 3210 ad
2129 3143 2308 3209 illam
2342 3143 2777 3209 inconsultam
2802 3145 3244 3209 temeritatem

537 3260 831 3324 maxime
896 3259 1154 3327 suerunt
1217 3265 1567 3330 voluntarii
1632 3266 1868 3332 novicii
1936 3266 2196 3344 milites,
2261 3265 2501 3348 quibus
2569 3264 2765 3330 valde
2838 3265 3246 3330 habundavit

533 3380 880 3457 exercitus,
909 3392 976 3446 et
1006 3403 1235 3449 omnes
1266 3386 1487 3470 cupidi
1521 3388 1741 3470 magni
1774 3387 2058 3464 honoris,
2089 3406 2286 3469 quem
2319 3407 2540 3470 regem
2570 3385 2820 3469 Anglie
2849 3384 3245 3451 debellando

535 3500 811 3583 quilibet
848 3491 1128 3586 putabat
1157 3526 1228 3570 se
1262 3507 1765 3591 adquisiturum.
3089 3480 3098 3488 ⁶

713 3622 772 3686 Ε
819 3634 1049 3689 contra
1079 3624 1366 3711 Anglici,
1405 3629 1650 3695 Christi
1694 3640 1973 3696 matrem
2016 3628 2411 3707 invocantes,
2440 3649 2590 3694 cum
2640 3628 2823 3694 illum
2869 3628 3044 3694 diem
3092 3628 3244 3692 sab·
3283 3627 3571 3743 mitae

537 3737 675 3803 bati
736 3758 886 3803 cum
938 3739 1193 3807 ieiuniis
1236 3744 1723 3812 sanctificarunt
1746 3746 1792 3825 ²,
1836 3746 2230 3812 effodierunt
2278 3746 2343 3810 in
2409 3767 2618 3830 parvo
2668 3756 2970 3829 tempore
3035 3745 3245 3809 multa
3284 3757 3510 3824 English.

535 3859 858 3924 foramina
896 3859 959 3925 in
979 3872 1152 3928 terra
1170 3885 1393 3931 coram
1424 3867 1563 3932 acie
1585 3869 1818 3952 prima,
1848 3867 2367 3953 profunditatem
2399 3867 2590 3931 unius
2625 3867 2813 3951 pedis
2841 3877 2907 3930 et
2926 3865 3245 3931 eandem⁸

534 3980 954 4046 latitudinem
995 3983 1315 4051 habente¹
1362 3989 1660 4070 quolibet
1698 3989 1981 4066 illorum,
2015 3999 2108 4067 ut,
2136 3989 2210 4066 si,
2245 3991 2426 4072 quod
2473 3987 2703 4066 abfuit,
2746 3986 3002 4070 equites
3034 3985 3243 4051 Galli-

533 4120 761 4168 corum
794 4101 972 4185 ipsos
1002 4105 1197 4170 nimis
1228 4106 1498 4175 fuissent
1530 4110 1820 4187 insecuti,
1850 4110 2002 4193 equi
2038 4111 2125 4176 ad
2163 4109 2483 4176 foramina
2513 4108 2928 4175 titubassent.
3021 4106 3244 4192 Sagit-

826 4236 842 4268 ¹
884 4255 990 4295 om.
1022 4243 1087 4297 B.
1513 4248 1534 4280 ²
1573 4246 1974 4304 sacrificarunt.
2016 4249 2080 4302 B.
2543 4244 2565 4278 ⁸
2606 4246 2853 4302 tandem.
2895 4247 2958 4301 B.

1847 4368 1902 4416 M
1936 4370 1970 4417 2
