4154 4895
1264 302 1378 359 LE
1421 300 1713 357 BAKER
1757 300 1879 354 DE
1920 299 2546 359 SWYNEBROKE.
3171 292 3253 374 67

544 500 1032 581 modernorum,
1077 500 1343 566 titulum
1379 511 1445 567 et
1482 521 1668 566 arma
1712 498 2024 564 suorum¹
2072 499 2568 584 progenitorum
2605 497 2804 564 armis
2849 508 2915 564 et
2961 495 3257 563 nomini²
3292 495 3598 545 A-D·1³³⁹·

545 622 686 691 iure
753 633 1052 689 materno
1124 623 1250 687 sibi
1323 621 1563 688 debitis
1637 619 2120 686 racionabiliter
2191 619 2461 704 pretulit
2526 640 2681 684 suus
2760 620 3069 685 dominus
3134 639 3256 683 rex

545 743 944 828 Anglorurn.

720 865 910 950 Rege
960 866 1133 931 circa
1183 863 1458 948 negocia
1501 863 1865 948 prescripta
1915 871 2261 946 occupato,
2305 872 2504 927 naute
2555 861 2869 946 Quinque
2918 862 3257 939 Portuum,
3295 842 3606 982 &pauso

544 987 899 1070 assumptis
940 986 1246 1070 spinaciis
1289 995 1356 1050 et
1400 984 1592 1051 scafis
1639 985 1808 1049 bene
1852 983 2139 1062 munitis,
2175 982 2310 1049 cito
2376 992 2530 1067 post
2582 984 2818 1049 festum
2856 985 3065 1050 sancti
3106 983 3259 1049 Hil-
3295 997 3379 1047 the
3401 947 3596 1062 {¹313oe

542 1100 686 1165 larii
731 1102 1190 1186 applicuerunt
1237 1101 1534 1166 Bononie
1579 1102 1767 1165 iuxta
1812 1120 1992 1165 mare
2035 1099 2101 1163 in
2146 1108 2447 1182 tempore
2491 1099 2813 1165 nebuloso
2858 1120 2994 1183 quo
3027 1100 3144 1165 vix
3190 1101 3256 1165 in
3294 1063 3493 1191 ἓξὲξ).

544 1233 741 1307 portu
789 1222 1043 1288 fuerant
1087 1222 1399 1307 percepti,
1435 1231 1503 1286 et
1549 1221 1617 1285 in
1661 1220 1819 1286 villa
1873 1220 2155 1285 inferiori
2204 1221 2347 1284 xix.
2384 1220 2670 1304 galiotas
2722 1231 2790 1286 et
2836 1220 2946 1303 iiij.
2981 1242 3255 1305 magnas
3291 1193 3570 1309 {2¹52}ng

3293 1333 3346 1375 at
3370 1325 3497 1373 Bou-

544 1363 744 1408 naves
773 1352 840 1407 et
870 1365 990 1407 xx,
1012 1343 1221 1409 scasas
1256 1364 1408 1408 cum
1444 1342 1750 1407 omnibus
1781 1341 1916 1405 suis
1952 1341 2377 1405 armamentis
2407 1341 2909 1406 combusserunt
2938 1363 3069 1407 una
3105 1362 3256 1407 cum
3294 1389 3462 1455 logne.

544 1464 876 1528 domubus
929 1464 1120 1529 iuxta
1163 1484 1344 1529 mare
1387 1463 1666 1539 situatiS,
1712 1462 1880 1527 inter
1923 1482 2089 1545 quas
2133 1470 2274 1526 erat
2319 1482 2448 1526 una
2492 1463 2731 1527 domus
2777 1482 3017 1545 magna
3061 1461 3259 1546 plena

543 1584 739 1649 remis
795 1593 863 1650 et
914 1584 1094 1663 velis,
1141 1585 1342 1649 armis
1388 1594 1456 1649 et
1509 1582 1765 1648 balistis
1817 1581 2196 1647 necessariis
2248 1603 2370 1667 pro
2423 1583 2639 1648 nautis
2692 1592 2759 1647 et
2806 1582 3257 1649 defensoribus

544 1706 773 1771 decem
814 1714 881 1769 et
926 1725 1164 1769 novem
1210 1704 1645 1788 galeotarum.
1733 1701 2056 1780 Tandem,
2102 1713 2252 1768 orto
2296 1702 2605 1768 conflictu
2654 1704 2825 1768 inter
2865 1703 3145 1769 villanos
3188 1714 3257 1768 et

543 1824 886 1910 Anglicos,
930 1825 1150 1909 plures
1195 1825 1471 1890 intranei
1516 1824 1890 1889 ceciderunt
1935 1823 2152 1888 occisi.

715 1946 874 2011 Non
919 1946 1202 2011 multum
1247 1956 1497 2031 postea,
1540 1945 1786 2011 scilicet
1833 1945 1898 2009 in
1943 1944 2268 2028 principio
2312 1944 2555 2009 mensis
2607 1945 2967 2023 Februarii,
3011 1966 3132 2010 rex
3187 1945 3254 2009 in
3293 1959 3505 2011 Edvmd

541 2064 863 2150 Angliam
899 2086 1249 2151 regressus,
1283 2067 1509 2151 regina
1548 2074 1910 2149 pregnante
1949 2065 2014 2128 in
2055 2062 2379 2130 Gandavo
2415 2065 2705 2143 dimissa,
2740 2063 2973 2130 habuit
3013 2065 3253 2150 parlia·
3291 2034 3558 2157 ἓὲἓᾞὲο

546 2197 840 2253 mentum
870 2189 1048 2271 apud
1079 2185 1759 2263 westmonasterium,
1791 2184 1905 2249 ubi
1935 2183 2083 2250 laici
2119 2195 2576 2250 concesserunt
2605 2185 2729 2249 sibi
2766 2205 3014 2249 nonum
3044 2185 3254 2251 vellus
3290 2223 3603 2274 Parliament.

543 2306 694 2372 lane
735 2319 801 2372 et
846 2327 1090 2373 nonum
1135 2327 1382 2392 agnum
1425 2318 1492 2372 et
1536 2326 1779 2371 nonam
1823 2305 2101 2388 garbam
2146 2304 2613 2388 cuiuscumque
2655 2307 2910 2389 generis
2955 2305 3155 2384 bladi,
3186 2316 3254 2372 et
3291 2289 3465 2340 ⁶³⁰²·

543 2426 753 2495 clerus
798 2450 999 2494 unam
1053 2449 1295 2495 nonam
1348 2428 1694 2494 decimam.
1788 2425 1890 2491 Ibi
1944 2435 2012 2491 et
2059 2446 2180 2491 rex
2235 2425 2471 2491 statuit
2521 2434 2589 2491 et
2644 2425 2796 2493 fecit
2857 2426 3253 2511 proclamari

543 2550 723 2634 quod
771 2549 988 2615 nullus
1031 2548 1372 2634 Anglicus,
1413 2550 1675 2615 racione
1719 2546 2003 2612 nominis
2045 2558 2160 2614 aut
2205 2567 2540 2613 armorum
2583 2567 2714 2632 que
2769 2559 3088 2632 tanquam
3132 2570 3252 2614 rex

544 2670 819 2737 Francie
863 2670 1113 2750 habuit,
1149 2692 1370 2737 secum
1414 2692 1600 2737 arma
1644 2679 1937 2753 portaret
1955 2669 2001 2731 ⁸.

720 2789 875 2858 cito
948 2802 1100 2876 post
1168 2793 1420 2858 Pascha
1493 2813 1714 2858 comes
1781 2789 2147 2857 sarisburie
2211 2800 2279 2854 et
2346 2788 2756 2856 sathf01eh1e
2813 2810 2963 2856 cum
3023 2791 3253 2877 paucis
3292 2759 3660 2873 mmm(

544 2912 834 2991 armatis,
882 2913 1116 2978 dantes
1174 2913 1486 2978 insultum
1537 2912 1692 2978 ville
1743 2914 1829 2978 de
1876 2909 2050 2996 Lyle
2104 2911 2170 2974 in
2226 2909 2559 2989 Flandria,
2617 2930 2748 2995 que
2804 2911 3013 2979 adesit
3077 2912 3251 2997 parti
3287 2887 3455 3004 ἓξὲξ
3514 2952 3603 3003 olk

544 3033 782 3100 tiranni
835 3033 1254 3112 Francorum,
1298 3034 1493 3099 nimis
1544 3035 1629 3099 de
1675 3054 1900 3118 prope,
1943 3031 2192 3098 scilicet
2242 3031 2406 3097 infra
2449 3043 2696 3116 portas,
2748 3033 3037 3100 Francos
3081 3033 3252 3118 fugi-
3287 3018 3546 3151 {affinem

545 3164 728 3219 entes
786 3153 1079 3233 insecuti,
1138 3154 1396 3239 pectine
1455 3153 1742 3221 demisso
1800 3164 1868 3219 et
1928 3153 2100 3218 fasse
2158 3162 2564 3219 armatorum
2624 3154 2913 3236 undique
2982 3151 3249 3220 subito⁴

544 3273 852 3352 conclusi,
894 3274 1072 3358 capti
1118 3275 1183 3339 in
1229 3275 1578 3341 Franciam
1621 3285 1777 3340 sunt
1819 3272 2202 3339 transmissi.
2294 3273 2487 3339 Duos
2534 3272 2682 3338 illos
2723 3271 2980 3350 milites,
3025 3273 3081 3338 si
3118 3294 3251 3340 non
3343 3287 3384 3336 r.
3406 3284 3545 3340 ιη’.

545 3394 785 3460 debeat
829 3394 1093 3461 obstare
1144 3395 1272 3461 ista
1319 3397 1674 3475 temeritaS,
1721 3395 2242 3480 probatissimos,
2288 3393 2728 3459 inhumaniter
2783 3394 3091 3459 tractavit
3144 3416 3252 3459 su·

544 3514 750 3599 perba
793 3510 1161 3599 indignatio
1198 3515 1646 3597 Gallicorum3
1709 3517 1880 3583 ferro
1928 3537 2166 3600 nempe
2218 3515 2491 3594 vinctos,
2528 3515 2828 3598 quamvis
2876 3514 3007 3581 fide
3052 3515 3251 3580 inter·

542 3635 765 3720 posita
808 3637 1122 3716 redditos,
1160 3657 1291 3702 non
1335 3658 1534 3722 super
1576 3658 1781 3722 equos
1825 3648 1927 3703 set
1974 3638 2039 3702 in
2087 3636 2244 3721 biga
2286 3648 2532 3715 vectos,
2577 3636 2767 3720 quasi
2811 3638 3157 3719 predones,
3188 3637 3252 3701 in

544 3756 768 3822 medio
819 3756 1166 3823 cuiuslibet
1218 3758 1503 3824 civitatis
1561 3779 1762 3843 parve
1811 3779 1926 3823 seu
1977 3755 2151 3836 ville,
2202 3757 2489 3824 clamore
2541 3757 2957 3842 popularium
3019 3757 3254 3822 blasfe-

544 3879 847 3957 mandos,
871 3877 1027 3962 biga
1049 3889 1225 3945 stare
1250 3879 1440 3958 iussa,
1460 3879 1639 3964 ipsos
1661 3881 1998 3945 duxerunt
2020 3881 2108 3946 ad
2129 3888 2517 3964 conspectus
2534 3877 2792 3957 tiranni,
2813 3877 2928 3962 qui
2949 3876 3255 3962 squalore

883 4145 901 4180 ¹
941 4149 1098 4207 Here
1120 4151 1347 4207 several
1365 4151 1553 4207 leaves
1577 4168 1677 4208 are
1701 4153 1969 4224 wanting
1987 4153 2053 4208 in
2080 4153 2145 4209 C.
2501 4150 2523 4182 ²
2560 4149 2804 4208 nomine.
2845 4151 2910 4204 B.

1248 4252 1270 4286 ⁸
1307 4266 1542 4327 portare.
1580 4258 1646 4314 Β.
2145 4255 2165 4288 ⁴
2204 4265 2366 4313 stato.
2405 4257 2470 4310 Β.

2009 4376 2060 4425 Κ
2099 4379 2134 4425 2
