4154 4895
1265 268 1376 322 LE
1420 265 1711 322 BAKER
1756 266 1875 320 DE
1916 265 2540 322 SWYNEBROKE.
3177 256 3255 336 87

552 464 746 529 Petiti
812 462 1006 549 primi
1070 463 1208 529 voti
1258 484 1549 548 compos,
1600 461 1990 547 genuflexus
2046 484 2270 529 coram
2328 463 2545 528 David
2594 461 2826 545 petivit
2870 460 3076 527 vitam
3137 482 3260 545 pro
3299 479 3615 530 annue.

552 586 1011 670 redempcione
1032 611 1050 664 ;
1131 594 1230 650 set
1272 586 1508 651 iterum
1555 585 1753 649 morti
1795 586 2337 669 condempnatur.
2429 583 2769 668 Allegavit
2811 583 2998 647 miles
3034 592 3264 649 contra
3354 570 3553 585 ’'⁸'-

550 707 815 774 crudele
860 709 1248 773 mandatum
1294 707 1532 772 tiranni
1590 708 1790 790 quod,
1835 708 2112 790 antiquo
2163 707 2302 771 iure
2359 707 2624 790 pietatis
2679 705 2854 790 regie
2912 726 3262 789 regnorum

551 840 692 894 tam
742 828 973 895 Scocie
1017 849 1218 912 quam
1263 827 1514 912 Anglie
1557 826 1660 892 vel
1712 828 1768 891 F
1770 829 2003 906 rancie,
2047 828 2326 911 quilibet
2379 828 2593 905 miser,
2641 828 2847 893 eciam
2895 848 3041 892 reus
3087 827 3264 910 regie

554 950 956 1034 magestatis,
1003 949 1168 1015 soret
1212 950 1554 1033 gavisurus
1602 948 1945 1032 privilegio
2003 948 2455 1026 immunitatis,
2507 948 2825 1031 quamdiu
2880 946 3263 1030 conspectui

554 1072 724 1155 regis
768 1080 1029 1148 astaret,
1086 1081 1154 1137 et
1203 1071 1385 1154 quod
1445 1090 1809 1154 numquam
1871 1070 2296 1154 contingebat
2355 1069 2642 1153 aliquem
2701 1069 3026 1154 supplicio
3084 1066 3262 1134 finali

553 1193 836 1271 detrudi,
906 1202 1263 1276 postquam
1341 1192 1659 1276 presentis
1731 1190 1916 1257 faciei
1983 1191 2222 1275 regalis
2297 1190 2809 1257 misericordiam
2884 1189 3264 1274 suppliciter

554 1313 808 1397 petivit.
901 1311 1019 1378 Set
1065 1313 1372 1378 indurata
1417 1311 1679 1378 malicia
1719 1312 1959 1377 tiranni
2005 1323 2320 1396 torquens
2367 1312 2586 1376 funem
2635 1311 3091 1389 facinorosum,
3126 1331 3262 1394 quo

554 1434 620 1497 in
664 1433 1083 1518 precipicium
1121 1445 1457 1511 tractetur,
1496 1454 1626 1499 non
1673 1435 2052 1499 recordatus
2096 1435 2280 1517 quod
2322 1434 2490 1511 ole0‚
2538 1432 2980 1499 misericordie
3022 1443 3262 1516 typum

554 1564 838 1639 gerente,
887 1554 1096 1620 fuerat
1140 1556 1478 1638 quondam
1531 1563 1885 1637 perunctus
1932 1554 1997 1618 in
2044 1575 2287 1639 regern,
2333 1554 2521 1637 quasi
2577 1554 2744 1619 lacte
2789 1552 2974 1619 leene
3035 1553 3262 1618 fuisset

554 1677 888 1755 educatu5‚
933 1677 1117 1741 iussit
1161 1678 1332 1742 duos
1377 1674 1579 1740 filios¹
1632 1676 1849 1740 miseri
1897 1673 2124 1740 militis
2178 1676 2243 1739 in
2295 1686 2648 1760 conspectu
2700 1676 2906 1760 patris
2965 1674 3265 1759 iugulari,

554 1806 621 1862 et
659 1806 891 1881 postea
922 1818 1039 1881 pre
1061 1797 1291 1863 dolore
1315 1797 1447 1863 fere
1478 1797 1857 1862 insanientis
1892 1798 2111 1881 capud
2147 1797 2497 1880 amputari.
2590 1794 2845 1862 Testis²
2875 1796 3035 1860 mihi
3061 1796 3264 1874 Deus,

556 1917 797 2001 pluries
843 1919 1165 2001 inquisivi,
1209 1928 1308 1984 set
1355 1940 1485 1984 non
1530 1918 1753 1983 audivi
1793 1919 1878 1982 de
1917 1919 2030 1983 illo
2069 1918 2280 1983 milite
2322 1920 2503 2001 quod
2541 1918 2989 2001 prodicionem
3035 1926 3265 1983 contra

558 2060 777 2122 regem
825 2038 1180 2106 Scotorum
1225 2049 1341 2105 aut
1406 2039 1691 2124 aliquem
1747 2039 2024 2104 Scotum
2080 2040 2480 2123 perpetravit
2542 2060 2873 2123 unquam;
2952 2039 3137 2104 cuius
3196 2049 3263 2102 et

558 2159 842 2226 filiorum
918 2161 1249 2226 crudelem
1321 2171 1390 2226 et
1461 2161 1769 2226 iniustam
1850 2160 2334 2245 peremcionem
2409 2162 2608 2226 credo
2676 2160 2873 2225 fuisse
2950 2180 3261 2243 magnam

557 2301 822 2347 causam
868 2281 1373 2366 periclitacionis
1418 2283 1587 2365 regis
1630 2292 1697 2346 et
1752 2281 1972 2365 magni
2018 2282 2348 2347 exercitus
2399 2280 2769 2359 Scotorum,
2830 2280 3042 2347 forma
3106 2282 3261 2345 sub-

558 2412 891 2486 sequente.
983 2402 1251 2468 Exinde
1294 2404 1788 2488 progredientes
1837 2404 2072 2480 miseri,
2120 2423 2251 2468 non
2296 2404 2656 2468 timuerunt
2701 2413 3003 2469 sanctum
3053 2401 3266 2470 Cuth-

558 2526 839 2602 bertum‚
885 2524 1125 2608 quem³
1169 2526 1424 2609 antiqui
1478 2546 1664 2609 reges
1719 2524 1952 2590 Scocie
2007 2525 2070 2588 in
2126 2546 2370 2608 magna
2421 2525 2848 2590 veneracione
2892 2524 3263 2589 habuerunt

560 2656 627 2711 ct
655 2666 848 2709 suurn
887 2647 1356 2711 monasterium
1398 2647 1655 2730 magnis
1692 2645 2109 2710 helemosinis
2145 2647 2537 2723 ditaverunt,
2568 2666 2697 2709 non
2741 2646 2957 2730 ipsum
2991 2647 3262 2728 inquam

560 2767 917 2832 timuerunt
976 2777 1076 2831 set
1142 2787 1259 2832 nec
1325 2787 1516 2831 suum
1577 2767 1945 2833 dominium
2010 2768 2375 2833 devastare.
2462 2766 2727 2851 Nempe
2786 2787 2904 2851 per
2975 2765 3263 2831 multas⁴

560 2907 829 2951 suorum
891 2887 1270 2970 prediorum
1347 2888 1858 2971 depredaciones
1934 2898 2253 2952 venerunt
2330 2908 2539 2972 prope
2611 2887 3060 2966 Dunelmiam,
3131 2907 3261 2952 non
3301 2898 3578 2951 TheSootn

561 3008 880 3073 distantes
919 3010 1006 3074 ad
1051 3010 1188 3074 duo
1234 3008 1531 3086 miliaria,
1563 3010 1676 3073 ubi
1719 3010 2046 3092 quosdam
2096 3029 2408 3075 monacos
2452 3008 2662 3074 sancti
2710 3007 3060 3075 Cuthberti
3105 3029 3260 3093 cap-
3298 2965 3593 3109 mm

562 3129 733 3194 tivos
764 3129 1182 3195 redimendos
1227 3131 1663 3208 detinuerunt,
1694 3140 1890 3214 pacto
1928 3150 2079 3196 cum
2126 3131 2360 3196 ceteris
2407 3130 2571 3195 inito
2617 3131 2702 3195 de
2741 3141 2919 3196 certa
2960 3132 3261 3214 redemp-
3300 3097 3560 3212 mm

562 3250 751 3336 cione
794 3249 1145 3334 peccunie⁶
1190 3260 1257 3316 et
1303 3250 1505 3328 bladi,
1550 3272 1632 3316 ne
1677 3252 2003 3316 manerias
2048 3250 2310 3315 illorum
2358 3251 2530 3316 ultra
2573 3252 3024 3334 depredarent.
3300 3234 3520 3293 country.

738 3370 969 3437 Oritur
1007 3371 1220 3438 luctus
1243 3371 1682 3456 Anglicorum
1716 3372 2167 3438 marchionum
2199 3393 2241 3437 a
2273 3372 2436 3438 facie
2465 3372 2795 3437 exercitus
2826 3370 3263 3455 fugiencium3

565 3493 739 3558 unde
782 3493 1091 3558 dominus
1135 3491 1508 3558 Willelmus
1546 3494 1633 3558 de
1672 3493 1734 3558 la
1775 3493 2057 3572 Zouche‚
2089 3493 2620 3578 archiepiscopus
2667 3491 3119 3570 Eboracensis,
3150 3492 3264 3574 qui

566 3613 781 3679 locum
816 3614 1069 3697 regium
1102 3613 1166 3677 in
1200 3614 1312 3679 illa
1354 3613 1645 3679 marchia
1675 3624 1829 3680 tunc
1869 3614 2178 3691 habebat,
2209 3613 2586 3680 convocatis
2616 3632 2766 3678 cum
2797 3631 3024 3676 eorum
3056 3611 3267 3696 copiis

563 3733 878 3817 episcopo
923 3732 1327 3811 Carliolensi‚
1364 3735 1608 3800 comite
1652 3735 1984 3819 Danegos,
2026 3735 2301 3800 domino
2345 3735 2429 3798 de
2477 3732 2828 3816 Moubray,
2864 3732 3137 3798 domino
3181 3733 3267 3797 de

568 3853 791 3937 percy,
831 3855 1104 3920 domino
1148 3856 1233 3920 de
1278 3854 1554 3933 Neville,
1598 3867 1665 3921 et
1710 3855 1856 3921 aliis
1901 3855 2232 3921 nobilibus
2277 3854 2669 3931 borealibu5‚
2713 3873 2864 3919 cum
2910 3853 3268 3936 sagittariis
3352 3853 3391 3903 ί-
3415 3848 3560 3903 1²⁸⁸·

563 3975 649 4040 de
684 3974 1005 4039 comitatu
1045 3974 1445 4052 Lancastrie,
1485 3976 1548 4040 in
1579 3976 1803 4061 vigilia
1831 3976 2039 4042 sancti
2074 3976 2256 4041 Luce
2289 3974 2730 4059 Ewangeliste
2769 3974 2856 4038 ad
2903 3973 3120 4039 locum
3150 3973 3265 4056 qui

563 4104 839 4162 vocatur
884 4094 1144 4161 Neville
1187 4117 1334 4162 cros
1378 4097 1697 4163 exercitui
1745 4096 2099 4164 Scotorum
2145 4096 2549 4163 occurrebat.
2642 4094 2913 4159 Restitit
2972 4094 3268 4159 animose

621 4229 638 4264 ¹
676 4230 913 4288 duorum
939 4231 1189 4289 filiorum.
1234 4235 1298 4290 B.
1404 4232 1430 4267 ²
1463 4234 1634 4290 Testi.
1673 4236 1739 4290 B.
1844 4231 1868 4265 ³
1903 4250 2092 4305 quam.
2131 4234 2197 4288 B.
2305 4231 2328 4263 ⁴
2362 4233 2583 4288 multos.
2622 4232 2686 4287 B.
2795 4228 2817 4261 ⁸
2853 4229 3125 4302 peccunii.
3166 4231 3231 4287 B.
