4154 4895
1243 276 1354 329 LE
1395 273 1690 329 BAKER
1733 273 1853 328 DE
1893 273 2516 330 SWYNEBROKE.
3114 280 3235 344 109

526 476 705 561 apud
755 474 1170 558 Wyndesore
1216 473 1280 537 in
1334 484 1571 551 castro,
1616 472 1728 536 ubi
1780 473 2062 537 instituit
2115 471 2476 537 cantariam
2518 470 2635 553 xij.
2681 471 3120 545 sacerdotum,
3167 478 3236 535 et
3276 478 3589 528 A-D.1850.

527 597 826 662 fundavit
871 593 1366 672 zenodochium,
1413 594 1478 658 in
1522 615 1657 677 quo
1712 593 1951 658 milites
1989 592 2441 677 depauperati,
2474 592 2711 675 quibus
2742 612 2861 656 sua
2897 611 3028 656 non
3059 591 3238 655 suffi-
3279 608 3511 658 Fonnda-

532 727 769 796 cerent,
806 726 1073 801 possent
1115 716 1182 779 in
1229 714 1500 781 Domini
1530 715 1843 779 servitute
1887 716 1971 779 de
2016 714 2351 799 perpetuis
2396 713 2768 779 elemosinis
2814 713 3237 778 fundatorum
3276 673 3591 790 gffuogffie

534 834 705 898 illius
734 833 994 917 collegii
1023 831 1573 897 sustentacionem
1606 841 2092 916 competentem
2125 831 2385 895 habere.
2480 831 2698 895 Preter
2729 850 2951 913 regem
2982 830 3239 895 fuerunt
3277 804 3531 938 ffieg'ffi·

533 954 644 1020 alii
688 954 1299 1039 compromittentes
1345 952 1410 1015 in
1455 952 1916 1018 fundacionem
1961 952 2148 1016 istius
2185 951 2588 1030 zenodochii,
2618 951 2864 1017 scilicet
2902 951 3071 1034 regis
3114 952 3243 1035 pri-

537 1074 926 1159 mogenitus,
970 1094 1193 1140 comes
1238 1073 1788 1158 Norhamptonie,
1833 1094 2058 1139 comes
2103 1071 2468 1148 Warewici‚
2500 1093 2723 1138 comes
2769 1072 3183 1139 Suthsolchie
3203 1072 3244 1151 ¹,

534 1216 756 1262 comm
802 1194 1275 1261 Salisbiriensis
1293 1193 1336 1269 ²,
1366 1206 1434 1260 et
1480 1195 1590 1259 alii
1636 1194 1955 1270 barones3
2000 1194 2334 1277 simplices
2379 1214 2645 1277 quoque
2692 1193 2951 1271 militeS,
2997 1194 3245 1260 scilicet

537 1316 840 1401 Rogerus
883 1317 968 1381 de
1019 1314 1329 1381 Mortuo³
1384 1317 1566 1394 mari,
1611 1335 1783 1380 nunc
1833 1317 2055 1380 'comes
2102 1314 2415 1392 Marchie,
2447 1315 2754 1379 dominus
2784 1314 3116 1380 Walterus
3161 1317 3244 1380 de

536 1437 802 1523 Magne,
831 1437 1138 1502 dominus
1168 1435 1539 1501 Willelmus
1571 1435 1740 1501 filius
1775 1435 2020 1515 Garini,
2054 1436 2382 1501 Iohannes
2412 1436 2495 1500 de
2529 1435 2772 1514 Insula,
2804 1436 3131 1501 Iohannes
3158 1437 3244 1502 de

537 1556 852 1636 Mohun⁴‚
888 1558 1215 1623 Iohannes
1244 1559 1330 1622 de
1361 1556 1822 1643 Bealchampe‚
1841 1555 2175 1622 Walterus
2212 1557 2297 1621 de
2329 1556 2575 1639 Pavely
2593 1556 2637 1635 ⁵,
2669 1556 2966 1622 Thomas
2988 1555 3181 1623 Wale
3199 1557 3244 1634 ⁶,

536 1690 604 1745 et
656 1678 905 1763 Hughe
963 1681 1049 1744 de
1100 1677 1476 1763 Wrotesley
1498 1676 1543 1757 ⁷,
1574 1700 1743 1762 quos
1801 1678 2101 1764 probitas
2151 1692 2428 1762 experta
2487 1678 2830 1742 ditissimis
2887 1678 3244 1743 comitibus

537 1800 885 1866 associavit
903 1799 950 1864 ⁸.
1019 1798 1175 1865 Una
1209 1820 1361 1865 cum
1387 1821 1540 1883 rege
1561 1800 1820 1864 suerunt
1846 1820 2077 1864 omnes
2115 1799 2223 1863 isti
2243 1799 2462 1864 vestiti
2494 1799 2670 1882 togis
2694 1800 2778 1863 de
2808 1810 3062 1864 russeto
3093 1800 3241 1884 pul-

536 1921 826 1986 verizato
875 1941 1026 1986 cum
1071 1921 1370 2003 garteriis
1417 1921 1648 1985 Indie⁰
1699 1921 1954 1998 coloris,
1984 1921 2303 1985 habentes
2349 1920 2556 1985 eciam
2603 1920 2768 1984 tales
2813 1920 3129 2005 garterias
3177 1920 3242 1984 in

538 2042 716 2108 tibiis
787 2043 1063 2118 dextriS,
1122 2051 1188 2106 et
1257 2042 1570 2107 mantella
1628 2042 1713 2107 de
1786 2042 2015 2107 blueto
2074 2062 2225 2107 cum
2293 2041 2566 2106 scutulis
2627 2061 2959 2106 armorum
3035 2042 3242 2106 sancti

540 2162 807 2246 Georgii
830 2160 901 2224 ¹⁰.
992 2161 1142 2228 Tali
1179 2174 1503 2248 apparatu
1535 2163 1694 2243 nudi
1718 2162 1939 2248 capita
1963 2163 2310 2227 audierunt
2347 2164 2587 2227 devote
2619 2163 2884 2227 missam
2918 2162 3241 2227 celebrem

538 2306 656 2368 per
684 2284 1012 2350 antistites
1044 2283 2187 2363 cantuariensem,·Wintoniensem,
2217 2293 2284 2348 et
2317 2284 2770 2349 Exoniensem
2801 2285 3242 2361 decantatam,
3357 2296 3369 2311 ‘

536 2416 605 2472 et
633 2405 1054 2472 conformiter
1082 2405 1392 2470 sederunt
1424 2406 1489 2470 in
1529 2425 1754 2470 mensa
1784 2406 2120 2472 communi
2141 2403 2193 2443 ¹¹
2227 2406 2316 2473 ob
2349 2405 2665 2471 honorem
2696 2404 2905 2471 sancti
2939 2405 3243 2483 martiris,

538 2528 642 2595 cui
664 2525 718 2565 ¹²
782 2537 922 2592 tam
998 2526 1288 2592 nobilem
1353 2527 1832 2593 fraternitatem
1898 2527 2269 2612 specialiter
2332 2527 2767 2606 intitulatum,
2833 2527 3284 2612 appellantes.

540 2648 816 2713 istorum
854 2647 1234 2713 comitivam
1264 2647 1473 2714 sancti
1513 2647 1780 2732 Georgii
1811 2650 1897 2713 de
1928 2650 1994 2713 la
2022 2649 2307 2732 gartiere
2326 2646 2400 2711 ¹³.

713 2768 791 2834 In
836 2778 1047 2834 estate
1087 2768 1405 2853 sequenti,
1435 2780 1580 2835 orta
1615 2769 2021 2835 dissencione
2066 2771 2235 2834 inter
2278 2781 2513 2834 nautas
2557 2768 2805 2853 Anglie
2849 2781 2915 2835 et
2963 2769 3243 2854 Ispanie,
3280 2785 3498 2851 Captum
3520 2784 3578 2835 os

541 2889 574 2953 1
746 2890 762 2905 .
1494 2891 1509 2905 .
1678 2890 1694 2905 .
2461 2892 2476 2906 .
2668 2892 2682 2904 .
2972 2892 2986 2905 .
3108 2892 3122 2905 .
3282 2851 3493 2918 English

576 2910 764 2974 spani
784 2890 1181 2955 obsederunt
1203 2910 1383 2955 mare
1401 2889 1849 2956 Britannicum
1874 2911 2025 2957 cum
2052 2891 2239 2974 xlmj.
2257 2911 2511 2974 magnis
2535 2890 2811 2955 navibus
2833 2888 3243 2970 bellicosis¹⁴,
3281 2919 3422 2985 ,ΜΨ
3444 2918 3511 2980 by

537 3011 652 3094 qui
671 3008 725 3048 ¹⁸
768 3010 997 3076 decem
1043 3030 1243 3076 naves
1279 3009 1602 3094 Anglicas
1629 3032 1855 3076 versus
1886 3011 2208 3095 Angliam
2255 3012 2343 3076 ab
2387 3010 2797 3096 Aquitannia
2843 3010 3244 3077 velificantes
3278 2985 3491 3118 ῗξίῗξὼ

538 3141 769 3216 captas
798 3141 997 3215 atque
1032 3132 1350 3214 spoliatas
1379 3133 1890 3210 submerserunt,
1925 3142 2011 3211 et,
2043 3133 2264 3198 taliter
2296 3132 2529 3197 iniuria
2575 3153 2768 3216 passa
2795 3132 3146 3210 vindicata,
3177 3133 3243 3196 in

540 3263 806 3338 portum
839 3254 924 3317 de
965 3252 1198 3318 Sclusa
1244 3252 1553 3318 Flandrie
1596 3254 2072 3339 applicuerunt.
2167 3254 2321 3319 Hiis
2356 3254 2617 3331 auditis,
2649 3273 2787 3330 rex,
2814 3274 2937 3318 suo
2981 3252 3244 3336 navigio
3283 3269 3498 3347 stc-{ward

537 3376 912 3440 coadunato
943 3373 1006 3437 in
1036 3373 1513 3459 quinquaginta
1550 3376 1826 3440 navibus
1855 3386 1923 3439 et
1952 3375 2277 3461 spinaciis,
2310 3374 2568 3459 Ispanis
2598 3372 2946 3438 reversuris
2976 3373 3245 3438 obviare
3279 3334 3400 3450 3¹3}ss
3420 3342 3508 3450 (ἐξ

538 3494 950 3579 disponebat,
972 3481 1194 3560 secum
1206 3495 1456 3559 habens
1480 3495 1839 3581 principem
1864 3494 2123 3576 Wallie,
2146 3496 2423 3562 comites
2449 3495 2846 3573 Lancastrie‚
2865 3494 3244 3579 Norhamp-
3282 3465 3408 3517 ἡαπ·

537 3616 737 3695 tonie,
778 3614 1143 3694 Warewici,
1194 3614 1646 3695 Sarisburie¹⁶,
1692 3617 2101 3697 Arundellie,
2150 3613 2699 3695 Huntindonie¹⁷,
2746 3613 3245 3694 Gloucestrie¹⁸‚

610 3796 629 3830 ¹
668 3795 1072 3855 Southsolchie.
1112 3799 1175 3856 C.
1353 3797 1377 3833 ²
1412 3800 1760 3858 Saresburie.
1799 3803 1866 3858 C.
2042 3799 2066 3834 ⁸
2107 3803 2348 3858 Mortua.
2388 3802 2454 3857 B.
2668 3800 2690 3832 ⁴
2729 3801 2997 3856 Mochun.
3039 3801 3104 3858 C.

608 3890 631 3920 ⁸
668 3888 959 3957 Paveleye.
997 3887 1062 3942 C.
1485 3887 1507 3919 ⁸
1541 3906 1650 3944 om.
1689 3891 1755 3946 C.
2178 3887 2201 3920 ⁷
2237 3890 2571 3959 Wroteleye.
2609 3891 2673 3946 C.

611 3971 634 4006 ⁸
665 3990 808 4045 quos
830 4011 846 4029 .
870 4012 886 4029 .
913 4012 928 4029 .
950 3971 1281 4047 associavit]
1307 3993 1416 4033 om.
1454 3977 1520 4032 B.
2299 3975 2323 4010 ⁹
2357 3977 2491 4032 indi.
2529 3980 2596 4033 B.

608 4059 656 4094 ¹⁰
689 4078 836 4118 ame.
859 4078 1009 4118 sanc.
1039 4062 1297 4136 Georgii]
1322 4080 1607 4121 armorum
1631 4081 1875 4121 suorum.
1916 4065 1978 4122 C.
2160 4063 2200 4097 ¹¹
2238 4063 2524 4121 commini.
2565 4066 2628 4119 B.
2807 4061 2850 4096 ²⁸
2884 4062 3060 4120 sicud.
3102 4066 3165 4120 B.

608 4146 653 4182 ¹⁸
686 4157 889 4219 gamer.
928 4150 994 4205 C.
1346 4150 1390 4186 ¹⁴
1424 4152 1639 4210 bellicis
1662 4154 1751 4209 vel
1776 4152 2073 4209 bellicosis.
2113 4154 2179 4209 C.
2559 4149 2605 4185 ¹⁸
2639 4151 2855 4223 quibus.
2895 4153 2960 4207 B.

612 4234 658 4272 ²⁸
690 4236 1034 4294 Saresburie.
1060 4239 1123 4294 C.
1550 4237 1594 4273 ¹⁷
1633 4241 2055 4313 Huntyndonie.
2096 4242 2160 4296 C.
2259 4226 2271 4236 ⁶
2589 4237 2629 4271 ¹⁸
2664 4257 2769 4294 om.
2809 4241 2872 4297 C.
