4154 4895
1230 287 1342 341 LE
1387 285 1681 340 BAKER
1724 285 1844 340 DE
1887 286 2509 342 SWYNEBROKE.
3103 278 3224 362 169

510 487 672 552 locis
718 496 1048 551 metentes
1093 506 1216 569 pro
1262 485 1465 549 nimio
1511 486 1730 549 calore
1777 486 1842 549 in
1888 486 2142 570 campis
2190 486 2660 563 moriebantur,
2701 495 2768 549 et
2813 485 3227 551 vendebatur

509 609 915 692 quarterium
948 606 1258 671 frumenti
1292 627 1412 691 pro
1444 606 1576 688 xvj.
1611 608 1916 672 denariiS.
1995 606 2257 672 Eodem
2283 628 2459 672 anno
2491 616 2631 670 erat
2665 608 2873 672 maior
2893 626 3047 691 pars
3070 606 3225 672 ville

511 731 719 795 sancti
767 728 1082 812 Botulphi
1125 747 1275 790 curn
1309 727 1516 791 domo
1558 727 1829 791 fratrum
1876 727 2373 792 Predicatorum
2412 728 2778 807 combusta,
2819 735 2885 792 et
2931 728 3225 792 nundine

511 860 629 934 per
651 850 977 932 quosdam
1010 848 1299 912 latrones
1329 847 1653 931 spoliate3
1699 847 1879 912 nam¹
1911 849 2185 932 quidam
2216 846 2364 913 salsi
2398 848 2704 932 armigeri
2736 849 3178 914 condixerunt
3197 847 3224 885 ²

509 971 594 1034 ad
637 970 934 1045 invicem,
976 978 1050 1033 ut
1086 969 1473 1052 quoddam³
1520 969 1970 1043 hastiludium,
2012 970 2191 1053 quod
2235 970 2502 1034 ‘burdiz
2528 967 2542 992 '
2586 969 2883 1044 dicimuS,
2931 968 3224 1033 celebra-

513 1102 653 1156 rent
685 1091 931 1155 ibidem
964 1100 1265 1173 tempore
1296 1089 1755 1166 nundinarum,
1788 1098 1861 1153 ut
1891 1098 2081 1154 tante
2114 1090 2438 1154 nundinas
2468 1089 2849 1174 spoliarent.
2931 1093 2940 1098 ’
3014 1089 3132 1153 lix.

686 1226 988 1276 M.Cc.xc.
1100 1210 1391 1274 Domina
1440 1209 1760 1275 Alienora
1822 1212 2047 1294 regina
2109 1211 2364 1292 Anglie
2424 1210 2610 1276 obiit.
2721 1211 2984 1276 Eodem
3048 1233 3223 1276 anno

513 1334 702 1397 eiecti
736 1341 921 1397 erant
951 1351 1180 1396 omnes
1216 1331 1402 1394 Iudei
1434 1332 1521 1395 ab
1551 1329 1818 1414 Anglia.
3003 1332 3136 1415 lvij.

688 1451 1037 1533 M.cc.xcij.
1129 1452 1397 1516 Mortuo
1429 1449 1825 1515 Alexandro
1859 1471 2013 1534 rege
2048 1449 2299 1525 Scocie,
2331 1472 2655 1517 consensu
2689 1452 3003 1518 Edwardi
3054 1453 3224 1538 regis

514 1574 762 1657 Anglie
812 1573 1138 1637 Iohannes
1182 1573 1267 1636 de
1315 1571 1573 1636 Baliolo
1620 1572 1684 1635 in
1740 1591 1963 1654 regem
2020 1571 2254 1637 Scocie
2307 1573 2590 1656 eligitur,
2653 1584 2720 1638 et
2765 1575 3003 1638 eodem
3050 1595 3226 1639 anno

513 1706 876 1761 coronatur.
3053 1695 3136 1758 lv.

687 1814 1080 1896 M.cc.xciiij.
1172 1813 1419 1878 Madoc
1464 1823 1532 1877 et
1586 1813 1891 1897 Morgan‚
1937 1814 2407 1897 consanguinei
2455 1814 2787 1889 Lewelini,
2838 1816 3226 1899 inceperunt

514 1934 829 2000 rebellare
859 1937 924 1999 in
954 1933 1197 1998 Wallia
1229 1945 1457 1999 contra
1490 1934 1896 1998 Edwardum
1930 1954 2152 2017 regem
2185 1934 2454 2018 Anglie.
3022 1934 3135 2018 liij.

690 2071 1029 2122 M.CC.xcv.
1122 2054 1428 2139 Spoliata
1460 2064 1602 2120 erat
1632 2055 1790 2119 villa
1824 2056 2110 2119 Doverie
2142 2076 2261 2139 per
2290 2058 2615 2140 predones
2659 2056 2948 2136 Francie,
2983 2077 3224 2141 magna

514 2197 665 2260 pars
692 2176 847 2241 ville
879 2176 1247 2250 combusta,
1279 2185 1347 2240 et
1381 2174 1568 2239 multi
1603 2175 1944 2240 interfecti.
2038 2174 2300 2241 Eodem
2332 2197 2508 2241 anno
2542 2175 2879 2241 Gilbertus
2911 2178 2995 2242 de
3029 2176 3226 2242 Clare

514 2300 698 2364 obiit.
3044 2296 3134 2380 lij.

690 2414 1088 2499 M.Cc.xcvj.⁴
1168 2416 1494 2481 Dominus
1528 2415 1859 2482 Iohannes
1889 2417 1975 2482 de
2007 2416 2259 2483 Sancto
2294 2415 2606 2493 Iohanne,
2638 2437 2787 2485 curn
2821 2416 3048 2483 multis
3077 2417 3225 2482 aliis

517 2540 847 2606 nobilibus
888 2539 1070 2622 regni
1109 2536 1379 2620 Anglie‚
1411 2537 1477 2601 in
1513 2536 1866 2604 Wasconia
1905 2549 2049 2605 erat
2086 2550 2318 2623 captus
2350 2547 2418 2604 et
2458 2541 2597 2622 regi
2644 2540 2917 2606 Francie
2957 2559 3227 2623 presen-

515 2672 716 2728 tatus.
816 2660 972 2724 Rex
1010 2659 1382 2723 Edwardus
1425 2666 1642 2723 totum
1685 2657 1932 2724 clerum
1966 2659 2215 2743 Anglie
2259 2670 2452 2725 extra
2496 2680 2686 2726 suam
2733 2660 3222 2744 proteccionern

517 2785 756 2867 posuit.
844 2779 1218 2844 Willelmus
1250 2778 1526 2862 Waleys
1569 2799 1721 2845 cum
1763 2782 2059 2845 exercitu
2092 2779 2447 2846 Scotorum
2485 2791 2715 2847 contra
2758 2801 2981 2864 regem
3014 2780 3222 2845 rebel-

517 2904 694 2970 lavit.
3067 2899 3135 2983 lj.

691 3021 1082 3103 M.Cc.xcvij,
1158 3019 1225 3083 A
1259 3020 1472 3105 prima
1501 3021 1813 3104 capcione
1841 3020 1998 3086 ville
2029 3021 2116 3086 de
2148 3021 2509 3105 Berewyke
2538 3042 2658 3105 per
2687 3041 2910 3104 regem
2954 3021 3226 3086 Edwar-

515 3148 697 3222 dum,
726 3144 840 3209 ubi
874 3162 1114 3225 magna
1146 3161 1299 3224 pars
1334 3139 1688 3205 Scotorum
1718 3142 1971 3206 cecidit.
3093 3142 3134 3206 l.

692 3261 1104 3346 M.Cc.xcviij.
1193 3259 1263 3324 A
1304 3260 1760 3327 discumfitura
1801 3262 1975 3327 facta
2006 3264 2187 3347 apud
2229 3261 2591 3344 Fowkyke,
2620 3261 2732 3325 die
2776 3263 2975 3326 beate
3011 3261 3224 3326 Marie

521 3384 944 3470 Magdalene,
1004 3382 1116 3447 ubi
1178 3381 1371 3446 multi
1438 3380 1623 3446 Scoti
1707 3384 2106 3457 ceciderunt,
2168 3381 2506 3447 Willelmo
2570 3381 2844 3464 Waleys
2909 3381 3221 3467 fugiente.

519 3508 780 3574 Eodem
825 3524 1001 3569 anno
1050 3475 1416 3567 Edwardus
1463 3522 1581 3567 rex
1629 3502 2100 3586 Margaretam‚
2132 3502 2335 3568 filiam
2383 3503 2553 3586 regis
2601 3502 2893 3578 Francie‚
2923 3504 3118 3567 duxit
3156 3504 3222 3567 in

518 3646 816 3693 uxorem.
1615 3639 1621 3648 ·
2968 3621 3134 3685 xlix.

694 3743 1067 3811 M.Cc.xcix.
1144 3743 1512 3808 Edwardus
1543 3763 1662 3806 rex
1695 3742 1943 3827 Anglie
1973 3744 2299 3808 ordinavit
2322 3744 2499 3828 quod
2534 3742 2813 3828 pollardi
2845 3753 2912 3808 et
2943 3743 3222 3809 ballardi

519 3868 788 3935 ulterius
818 3887 939 3950 pro
971 3863 1303 3947 sterlingis
1340 3884 1474 3928 non
1506 3874 1836 3929 currerent
1866 3865 1931 3928 in
1962 3862 2232 3948 Anglia.
2928 3864 3132 3948 xlviij.

694 4001 932 4054 mccc,
1025 3985 1242 4050 Natus
1303 3995 1407 4050 est
1451 3985 1748 4050 Thomas
1800 3986 1887 4051 de
1931 3985 2368 4068 Broyurtone,
2413 3986 2501 4051 de
2559 3985 2940 4069 Margareta
2998 3985 3222 4070 regina

519 4109 788 4195 Angli&
882 4106 1172 4173 Domina
1205 4105 1351 4184 Ela’
1381 4106 1719 4171 comitissa
1751 4105 2075 4180 warwici,
2109 4106 2291 4181 obiit,
2326 4114 2393 4170 et
2426 4105 2735 4189 Oseneye
2764 4103 3092 4189 sepelitur.

820 4295 841 4330 ι
877 4296 1006 4352 iam.
1034 4295 1097 4351 Β.
1240 4295 1260 4326 ¹
1297 4296 1695 4351 conduxerunt,
1738 4297 1800 4350 B.
1945 4293 1965 4324 ³
2003 4295 2248 4366 quidam,
2291 4297 2353 4350 B·
2497 4295 2517 4325 ο
2556 4307 2804 4350 καθ’
2845 4296 2907 4349 Β.
2947 4209 3132 4292 xlvij.

1849 4381 1889 4429 Z

3313 2800 3350 2848 f.
3377 2796 3523 2852 1⁸4⁸.
