4154 4895
1177 314 1291 370 LE
1345 315 1638 371 BAKER
1694 315 1816 370 DE
1872 315 2496 373 SWYNEBROKE.
3116 328 3189 397 17

485 511 854 598 paternalia
928 535 1051 598 pro
1120 514 1326 580 nihilo
1395 514 1840 600 percucientes
1916 515 2390 582 exeredabant.
2483 516 2772 584 Cuilibet
2844 518 3190 586 videbatur
3224 538 3364 591 Aa).
3378 538 3539 590 1824.

485 627 703 693 honus
747 629 1169 713 importabile
1214 641 1349 696 tres
1396 652 1582 715 reges
1627 630 1822 695 simul
1881 632 1947 693 in
2007 632 2259 715 Anglia
2314 631 2650 710 subferre3
2713 655 2937 719 regem
2996 636 3188 701 multi
3282 629 3476 646 “““-

487 750 936 832 peramabant,
968 760 1067 816 set
1100 772 1286 836 reges
1320 746 1747 839 H[ugonem]
1783 761 1849 816 et
1885 747 2318 840 H[ugonem]
2355 752 2564 819 multo
2596 752 2815 838 plures
2854 777 2971 840 pre
3009 768 3192 823 metu

486 870 825 950 odiebant,
856 893 1009 937 nam

1137 974 1339 1030 ‘Illum
1376 992 1542 1046 quem
1580 975 1775 1031 metuit
1812 974 2045 1046 quisque
2083 975 2263 1046 perire
2299 975 2522 1047 cupitl¹

490 1111 651 1176 Illos
704 1112 1207 1201 Heresordensis
1266 1116 1403 1180 suis
1461 1115 1939 1199 temporalibus
1996 1115 2290 1198 privatus
2349 1117 2659 1190 odiebat;
2728 1118 2875 1183 illos
2929 1119 3194 1185 Lincol-

488 1233 731 1298 niensis
771 1236 839 1299 H
848 1238 1099 1301 enricus
1143 1239 1229 1302 de
1266 1236 1675 1315 Borewasch,
1715 1257 2117 1320 quamquam
2166 1237 2337 1321 regis
2377 1239 2806 1321 promocione
2851 1243 3195 1307 decoratus

486 1354 709 1434 insula,
739 1365 962 1422 tamen
1008 1356 1327 1423 consimili
1367 1358 1560 1444 culpa
1602 1357 1776 1442 qua²
1817 1359 2231 1441 supradictus
2268 1359 2498 1423 Adam
2540 1361 2748 1426 sciens
2786 1384 2858 1428 se
2896 1365 3194 1440 noxium,

486 1475 680 1542 valde
732 1479 1066 1544 metuebat
1121 1490 1187 1545 et
1216 1501 1358 1563 ¹per
1409 1500 1814 1563 consequens
1874 1480 2164 1545 odiebat.
2265 1479 2520 1547 Contra
2571 1484 2851 1548 universi
2906 1484 3192 1549 militum

486 1605 553 1661 et
611 1599 1075 1683 episcoporum
1148 1601 1421 1666 istorum
1491 1602 1686 1666 amici
1763 1600 2133 1665 habuerunt
2206 1601 2462 1667 animos
2538 1624 2698 1687 egro
2762 1604 2996 1670 dolore
3053 1626 3191 1669 sar-

488 1718 789 1783 cinatos³
831 1729 901 1785 et
945 1721 1012 1784 in
1063 1721 1298 1786 suriam
1354 1723 1699 1805 proclivoS,
1744 1732 1809 1785 et
1859 1720 2002 1786 sola
2053 1722 2426 1787 reverencia
2479 1724 2659 1807 regie
2715 1726 2898 1808 pacis
2958 1745 3192 1790 manus

488 1841 919 1906 continentes,
1009 1840 1126 1908 Ad
1174 1842 1299 1907 hoc
1354 1853 1584 1908 contra
1636 1843 1888 1926 seipsos
1942 1842 2008 1906 in
2060 1843 2435 1907 universum
2480 1843 2664 1909 nefas
2708 1846 3191 1930 rapidissimam
3228 1841 3482 1959 gogglity

489 1962 662 2027 iram
707 1963 1057 2029 femineam
1112 1964 1335 2049 regine
1375 1964 1818 2041 concitabant,
1865 1985 1945 2028 eo
1987 1964 2186 2045 quod,
2239 1962 2499 2027 illorum
2539 1986 2741 2030 avaro
2793 1968 3070 2032 consilio
3123 1974 3191 2031 et
3229 1989 3405 2039 queen·

486 2084 909 2149 ordinacione
967 2084 1213 2150 familia
1279 2086 1600 2151 consortis
1661 2085 1840 2167 regie
1901 2085 2248 2160 minorata,
2309 2084 2434 2148 sibi
2507 2086 2668 2149 certi
2733 2087 2984 2151 reditus
3043 2060 3194 2152 cum

488 2205 854 2287 precisione
897 2206 1156 2271 fuerant
1197 2207 1431 2286 taxati,
1466 2206 1747 2290 parciori
1792 2226 2054 2269 annona
2100 2225 2301 2287 quam
2342 2202 2600 2270 solebat
2633 2206 2900 2272 victure.
2992 2208 3196 2273 Unde

488 2326 774 2391 avaricia
827 2327 1221 2392 insaciabilis
1273 2327 1589 2392 feminina
1639 2326 2004 2409 concupitis
2058 2324 2387 2403 frustrata,
2440 2335 2556 2391 aut
2605 2336 2784 2392 certe
2836 2328 3194 2412 prodigali-

490 2456 594 2511 tas
651 2445 988 2513 muliebris
1045 2460 1279 2527 artata,
1325 2470 1601 2532 quarum
1649 2447 1839 2513 alteri
1884 2446 2053 2512 solet
2099 2467 2362 2530 semper
2417 2446 2526 2512 ille
2580 2470 2781 2513 sexus
2834 2450 3192 2534 indulgere,

492 2588 623 2631 non
659 2569 875 2633 solum
907 2581 1137 2635 contra
1179 2571 1704 2654 DispensatoreS,
1735 2579 1835 2635 set
1879 2580 1947 2634 et
1989 2579 2218 2634 contra
2261 2570 2590 2648 maritum,
2620 2570 2767 2653 plus
2807 2569 2953 2635 illos
2993 2592 3195 2654 quam

490 2688 671 2754 illam
698 2690 985 2756 consiliis
1017 2692 1368 2768 imitatum,
1392 2692 1641 2755 exarsit
1674 2692 1740 2754 in
1768 2692 1911 2776 iras.
2005 2690 2147 2752 Iam
2169 2689 2353 2771 luget
2381 2690 2783 2756 Francorum
2807 2693 3194 2776 sanguinem

489 2812 800 2896 regalem,
838 2813 1041 2877 immo
1088 2813 1260 2898 regis
1306 2813 1507 2878 filiam
1553 2824 1754 2895 atque
1797 2811 2159 2877 successive
2203 2831 2435 2894 regum
2483 2811 2839 2889 Lodowici,
2885 2812 3194 2896 Philippi,

488 2941 556 2996 et
608 2934 879 2998 demum
943 2933 1176 2999 Karoli
1241 2935 1501 3000 unicam
1562 2954 1877 3008 sororem,
1930 2931 2068 3016 regi
2129 2941 2231 2996 set
2290 2951 2492 2996 avaro
2554 2933 2974 3008 maritatam3
3038 2955 3193 3017 pro·

492 3055 760 3119 missam
815 3054 956 3119 sore
1006 3055 1321 3138 reginam,
1367 3064 1470 3120 set
1523 3055 1587 3118 in
1646 3054 2104 3119 condicionem
2156 3051 2536 3118 ancillarem
2588 3074 2992 3133 conversam,
3038 3055 3190 3118 Dis·

489 3186 936 3259 pensatorum,
978 3197 1144 3259 quos
1191 3176 1337 3259 plus
1382 3196 1584 3258 quam
1628 3175 1785 3239 odio
1825 3173 2118 3258 perfecto
2159 3174 2410 3251 oderat,
2439 3175 2956 3258 stipendiariam.
3047 3175 3193 3239 Iam

486 3296 692 3360 vellet
750 3293 902 3361 cum
962 3298 1162 3362 fratre
1220 3298 1634 3362 dominatore
1691 3296 2093 3360 Francorum
2159 3296 2246 3358 de
2307 3296 2543 3359 marito
2604 3298 2936 3379 queritura
2991 3296 3192 3361 verba

492 3418 956 3511 commiscere3
1020 3420 1152 3483 iam
1214 3439 1363 3483 cum
1425 3428 1665 3501 patruo
1728 3416 1986 3481 Karolo
2031 3416 2118 3480 de
2160 3413 2452 3495 Valesi0,
2497 3416 2840 3481 cuiuslibet
2885 3417 3194 3482 facinoris

488 3538 862 3614 artificioso,
906 3550 1159 3604 secrete
1202 3539 1545 3606 consulere
1588 3539 1944 3622 quomodo,
1989 3537 2056 3600 in
2112 3537 2618 3621 Dispensatores
2661 3539 3008 3616 vindicata,
3052 3539 3194 3602 ani-

491 3681 672 3725 mum
706 3661 878 3744 regis
909 3661 1125 3726 mariti
1154 3662 1544 3725 serviturum
1585 3660 1712 3724 sibi
1756 3659 2110 3724 inclinaret.
2202 3658 2545 3741 Dampnat
2586 3679 2765 3723 mare
2805 3659 3195 3743 spaciosum,

493 3777 802 3842 Neustrie
849 3777 1043 3843 litora
1092 3778 1181 3842 ab
1228 3776 1479 3861 Anglia
1536 3777 1967 3860 distinguens.
2054 3773 2320 3840 Annuit
2375 3795 2555 3839 mare
2613 3776 3013 3840 desiccatum
3079 3784 3194 3839 aut

491 3910 670 3964 certe
721 3908 993 3982 pontem
1041 3899 1252 3964 latum
1304 3919 1625 3976 securum,
1673 3907 1745 3963 ut
1799 3906 2027 3981 posset
2077 3917 2242 3979 quas
2292 3897 2468 3960 misit
2519 3895 2701 3959 fratri
2751 3905 2821 3961 et
2870 3894 3192 3960 avunculo

489 4020 751 4086 crebras
802 4018 1120 4103 epistolas
1172 4019 1314 4103 ipsa
1358 4018 1631 4084 deferre.
1719 4017 2067 4102 Angustiis
2111 4016 2357 4082 talibus
2402 4026 2469 4081 et
2513 4016 2658 4080 aliis
2701 4016 3055 4081 latentibus
3098 4016 3195 4079 in-

488 4141 831 4225 dignatam
880 4141 1172 4224 reginam
1220 4141 1368 4223 quis
1412 4141 1792 4207 consolatur
1809 4137 1858 4218 ⁴,
1898 4139 2023 4203 nisi
2066 4138 2238 4204 lesus
2278 4157 2395 4222 per
2432 4138 2723 4213 eosdem,
2761 4136 3008 4202 scilicet
3045 4136 3195 4202 Dis·

587 4275 605 4309 ¹
645 4276 731 4334 Cf.
759 4277 926 4348 Ovid,
951 4276 1154 4333 Amor.
1185 4279 1260 4335 11.
1288 4276 1344 4335 ii.
1375 4292 1457 4336 ιο.
1567 4275 1590 4309 ²
1623 4294 1772 4348 cupa
1798 4292 1928 4348 quo.
1968 4277 2035 4333 B.
2107 4273 2128 4307 ³
2164 4274 2483 4333 sarcinatos.
2522 4276 2589 4330 B.
2660 4274 2681 4307 ¹
2717 4274 2986 4331 consolat.
3025 4274 3091 4331 Β.

1819 4396 1869 4447 D
