4154 4895
658 2275 844 2324 215«.

952 265 981 310 1
993 246 1077 309 68
1779 246 2258 305 CHRONICUL
2268 246 2398 303 ΠΜ
2433 245 2846 303 GALFRJD!

946 449 1410 534 Foedoewyde,
1462 447 1568 514 cui
1620 446 1835 513 multa
1887 447 2067 513 bona
2115 446 2440 525 contulit3
2501 456 2570 511 et
2621 444 2948 531 capellam
2997 447 3211 512 sancti
3266 444 3536 531 Georgii
3589 448 3658 513 in

941 582 1161 639 castro
1207 570 1478 638 Oxonie
1521 569 1809 635 intravit.
3280 566 3570 652 lxxxiiii.

1121 690 1504 774 M.cc.lxiiij.
1595 688 2047 755 Commissum
2093 698 2195 754 est
2240 687 2488 752 bellum
2534 689 2716 773 apud
2767 688 3017 761 Lewes.
3069 688 3181 753 ubi
3231 701 3468 774 captus
3515 702 3660 756 erat

943 813 1319 879 Edwardus
1362 812 1539 877 filius
1596 811 1787 895 regis,
1832 830 1983 876 cum
2034 810 2261 875 multis
2305 809 2657 887 nobilibus,
2709 830 2830 895 per
2875 808 3244 895 Symonem
3290 812 3379 876 de
3425 810 3658 876 Monte

942 935 1118 1002 sorti.
3302 929 3568 1014 lxxxiij.

1118 1055 1445 1121 M.cc.lxv.
1538 1053 1989 1120 Commissum
2037 1062 2138 1117 est
2191 1072 2391 1135 grave
2442 1051 2722 1136 prelium
2775 1051 2956 1136 apud
3009 1052 3364 1129 Evesham,
3415 1053 3480 1118 in
3520 1072 3658 1137 quo

942 1177 1202 1261 Symon
1253 1180 1344 1243 de
1396 1177 1633 1242 Monte
1681 1174 1834 1240 sorti
1884 1195 2035 1240 cum
2094 1174 2319 1240 multis
2370 1173 2518 1239 aliis
2570 1172 2877 1239 fidelibus
2920 1174 3250 1239 occubuit.
3342 1173 3656 1240 Octobon

943 1299 1203 1383 legatus
1247 1297 1450 1363 venit.
3321 1293 3566 1377 lxxxij.

1120 1416 1497 1499 M.Cc.lxvij.
1586 1416 1657 1481 A
1702 1412 2160 1481 discumfitura
2205 1414 2378 1480 sacta
2421 1416 2600 1499 apud
2652 1414 3156 1481 Cestreseldiam
3213 1415 3278 1479 in
3332 1417 3654 1482 comitatu

945 1541 1213 1607 Derbie.
3367 1535 3566 1601 lxxx.

1118 1660 1505 1743 M.cc.lxxij.
1592 1658 1713 1724 Ab
1731 1659 1917 1725 obitu
1952 1658 2123 1741 regis
2150 1657 2421 1724 Henrici
2454 1658 2692 1742 quarti,
2723 1678 2875 1723 cum
2908 1670 3249 1741 regnasset
3282 1658 3413 1741 lvij.
3443 1659 3654 1731 annis.

941 1804 1118 1849 anno
1159 1782 1357 1849 etatis
1394 1802 1515 1847 sue
1556 1780 1744 1863 1x⁰vj.
1837 1780 2099 1845 Eodem
2142 1799 2318 1844 anno
2359 1781 2528 1845 obiit
2574 1779 2902 1845 Ricardus
2943 1780 3304 1864 imperator
3330 1778 3656 1845 Aleman-

941 1905 1064 1983 nie‚
1109 1905 1309 1970 frater
1349 1904 1509 1967 eius.
3375 1899 3566 1965 lxxv.

1116 2022 1555 2105 n.cc.lxxiiij.
1646 2022 1717 2087 A
1763 2021 2197 2088 coronacione
2228 2021 2398 2105 regis
2445 2021 2774 2096 Edwardi,
2809 2020 2925 2086 filii
2962 2022 3135 2105 regis
3180 2021 3473 2097 Hernici,
3501 2042 3656 2088 cum

944 2148 1267 2213 Alienon-e
1297 2165 1512 2210 uxore
1540 2165 1680 2219 sua,
1713 2143 1896 2229 apud
1924 2142 2618 2209 westmonasterium.
3317 2144 3556 2227 lxxiii.¹

1112 2262 1565 2345 M.Cc.lxxviij.
1660 2261 1811 2327 Rex
1867 2259 2222 2326 Scotorum
2276 2260 2431 2325 fecit
2477 2260 2862 2343 homagium
2907 2261 3088 2327 dicto
3135 2261 3487 2335 Edwardo.
3531 2262 3658 2327 hac

942 2385 1330 2450 condicione
1364 2394 1453 2459 ut,
1487 2384 1888 2468 ubicumque
1920 2404 2036 2447 rex
2071 2382 2470 2447 inveniretur
2499 2382 2564 2445 in
2591 2382 2858 2466 Anglia,
2883 2381 3269 2467 homagium
3300 2384 3658 2450 admittere

944 2525 1079 2570 non
1125 2505 1440 2570 differret.
3399 2505 3566 2570 lxix.

1120 2625 1537 2692 M.cc.lxxix.
1630 2626 1741 2690 Ex
1775 2646 1912 2710 quo
1956 2627 2077 2690 suit
2129 2625 2480 2690 inhibitum
2528 2645 2614 2690 ne
2658 2636 2832 2690 terra
2877 2635 2945 2691 et
2989 2635 3376 2692 tenementa
3411 2647 3656 2712 appro-

943 2747 1315 2832 priarentur
1355 2747 1512 2811 viris
1557 2746 1894 2831 religiosis,
1940 2768 2026 2812 ne
2086 2748 2315 2831 aliquo
2363 2746 2568 2813 modo
2610 2748 2698 2813 ad
2761 2767 3030 2811 manum
3079 2761 3408 2813 mortuam
3455 2749 3654 2813 deve-

945 2870 1179 2947 nirent,
1226 2869 1482 2952 absque
1538 2869 1806 2954 speciali
1870 2868 2140 2933 licencia
2199 2867 2451 2932 domini
2512 2870 2703 2951 regis.
2827 2868 3087 2933 Eodem
3147 2889 3327 2934 anno
3385 2883 3654 2936 moneta

945 3003 1202 3057 mutata
1232 2990 1443 3056 suerat
1475 2990 1541 3055 in
1572 2987 1846 3074 Anglia.
3359 2991 3564 3073 lxviij.

1122 3110 1567 3195 M.cc.lxxxij.
1660 3110 2052 3183 Lewelinus.
2097 3110 2402 3196 princeps
2430 3108 2692 3182 Wallie‚
2728 3109 3127 3186 interficitur,
3158 3121 3226 3176 et
3271 3125 3468 3197 caput
3511 3115 3658 3178 eius

952 3234 1282 3300 Edwardo
1325 3233 1461 3316 regi
1508 3252 1628 3317 per
1670 3232 2104 3297 Edmundum
2155 3233 2244 3297 de
2292 3232 2565 3298 Mortuo
2611 3233 2772 3296 mari
2825 3233 3334 3310 transmittitur3
3399 3233 3652 3298 David·

945 3376 1095 3440 que,
1169 3355 1375 3420 frater
1450 3352 1785 3428 Leweliui¹
1850 3355 2028 3438 apud
2125 3352 2461 3418 Rothelan
2549 3353 2826 3439 capitur,
2903 3372 3273 3438 corpusque
3346 3355 3508 3428 eius.
3585 3357 3652 3418 in

946 3489 1173 3562 partes
1229 3476 1539 3550 divisum,
1595 3474 1661 3539 in
1721 3484 2010 3559 quatuor
2071 3475 2455 3540 civitatibus
2510 3476 2954 3558 suspenditur,
3010 3477 3232 3561 capite
3293 3475 3658 3542 ιοηόοοίἰ·

944 3617 1291 3682 suspenso.
3429 3597 3565 3661 lxv.

1122 3715 1606 3798 n.cc.lxxxiiij.
1681 3715 1752 3780 A
1786 3715 2135 3780 nativitate
2165 3715 2337 3800 regis
2369 3715 2680 3782 Edwardi
2715 3729 2864 3801 post
2896 3727 3333 3801 conquestum
3367 3719 3656 3794 secundi,

946 3840 1059 3905 die
1116 3838 1327 3903 sancti
1392 3837 1648 3902 Mathie
1708 3835 2175 3920 evangeliste¹.
2234 3839 2414 3923 apud
2481 3836 2892 3903 Kamarvan.
3005 3838 3145 3904 lter
3205 3840 3462 3904 iusticie
3509 3855 3654 3906 erat

950 3962 1014 4025 in
1063 3959 1331 4042 Anglia.
3399 3959 3564 4043 lxiij.

1124 4077 1629 4162 msc-lxxxviii
1742 4079 2006 4146 Tantus
2068 4080 2248 4146 calor
2305 4090 2448 4145 erat
2511 4079 2575 4144 in
2627 4091 3016 4164 autumpno,
3065 4091 3139 4148 ut
3199 4081 3263 4145 in
3327 4079 3656 4166 plerisque

1620 4215 1634 4248 ¹
1675 4217 1855 4286 lxxiiij.
1902 4218 1961 4270 n.
2531 4217 2550 4248 ¹
2585 4217 2874 4284 mngtni.
2917 4218 2979 4271 Β.
