4154 4895
604 510 753 564 Am.
768 511 919 560 1821.

610 1115 918 1168 Themedis·

607 1185 714 1233 tion
737 1183 795 1233 of
812 1183 897 1234 the

608 1314 816 1367 resmed.

608 1845 873 1897 Surrender

609 1913 667 1963 ot*
684 1914 769 1963 the

609 1979 781 2030 eutle.

614 2107 830 2158 Edvud

611 2242 719 2290 into
741 2238 826 2290 the

610 2316 729 2356 vest

608 2389 749 2436 AD.
768 2388 925 2436 un.

676 2824 715 2872 f.
739 2822 862 2873 too.

610 2945 918 2996 Subtnlssion

611 3014 672 3062 ol'
690 3027 835 3074 many
860 3010 919 3060 οἱ

612 3079 696 3129 the
715 3079 910 3129 haruin

612 3674 821 3721 sonneil
848 3683 899 3723 nt

616 3740 841 3789 Londou.

616 3907 787 3956 Recan
815 3909 869 3957 of

614 3975 697 4022 ibe
727 3976 843 4023 Des·

616 4055 833 4106 pennen.

964 304 985 349 1
1005 304 1037 351 2
1829 293 1879 348 C
1877 292 2202 350 HRONIC
2203 292 2324 349 ΟΝ
2379 293 2794 349 GALFRJDJ

959 512 1111 558 cum
1176 492 1324 558 aliis
1382 491 1742 559 baronibus
1799 493 1884 558 ad
1947 491 2456 558 demolicionem
2515 513 2830 576 gazarum
2896 493 3227 579 Hugonis.
3317 493 3668 562 Obsidioni

958 615 1195 679 acriter
1241 613 1579 679 insistente
1626 634 1797 697 rege,
1842 611 2103 679 inclusis
2139 614 2643 698 desperantibus
2681 616 2767 679 de
2812 616 3008 681 castri
3051 616 3356 691 tuicione,
3386 617 3670 682 comites

958 744 1025 800 et
1081 736 1359 801 barones
1410 729 1785 822 H[ugonis]
1836 746 2227 811 vastatores,
2274 746 2683 802 armatorum
2737 735 2987 802 suffulti
3042 758 3285 821 magna
3335 738 3668 811 comitiva,

958 870 1271 922 venerunt
1317 855 1800 941 Kingoetonam
1843 857 1911 921 in
1941 856 2166 941 vigilia
2203 856 2657 941 apostolorum
2698 856 2990 923 Simonis
3028 867 3095 923 et
3142 859 3323 937 Iude,
3356 870 3670 944 rogantes

960 998 1081 1063 per
1126 979 1403 1043 nuncios
1450 978 1878 1057 intermissos,
1931 980 2240 1043 dominos
2287 977 2829 1044 Cantuariensem
2890 989 2960 1045 et
3007 979 3543 1046 Londoniensem
3587 1000 3672 1046 ac

958 1099 1273 1164 comitem
1310 1099 1924 1172 Penbrochiensem,
1954 1100 2136 1183 quod
2179 1098 2596 1164 obsidionem
2645 1119 2762 1163 rex
2809 1113 3167 1173 amoveret,
3198 1102 3671 1185 promittente-

957 1221 1137 1305 quod
1184 1230 1339 1305 post
1391 1221 1771 1305 proximum
1819 1220 2327 1304 parliamentum
2382 1232 2670 1286 castrum
2719 1222 2851 1305 regi
2899 1222 3231 1287 redditum
3291 1224 3670 1289 subderent.

963 1341 1117 1408 Rex
1188 1363 1363 1415 vero,
1437 1344 1851 1426 perpendens
1925 1342 2296 1407 castelanos
2374 1362 2505 1407 non
2577 1362 2773 1426 posse
2844 1343 2958 1408 diu
3035 1344 3335 1410 resistere
3406 1358 3475 1410 et
3549 1365 3670 1410 ex·

956 1475 1299 1547 asperatus
1361 1462 1710 1527 rebellione
1771 1460 2188 1543 inclusorum,
2234 1462 2593 1547 peticiones
2656 1463 2977 1528 baronum
3036 1464 3242 1530 noluit
3301 1466 3669 1541 exaudire:

958 1585 1198 1669 quibus
1262 1584 1324 1647 in
1386 1594 1607 1667 partes
1666 1583 1829 1648 alias
1892 1583 2218 1666 regressis»,
2280 1596 2500 1648 castro
2565 1584 2837 1648 tandem
2909 1584 3134 1650 labore
3204 1604 3334 1651 non
3401 1586 3674 1651 modico

958 1716 1411 1789 expungnato,
1469 1704 1556 1786 vj.
1610 1704 1697 1770 de
1750 1704 2134 1769 forcioribus
2181 1705 2244 1769 in
2300 1703 2444 1787 ipso
2493 1705 2763 1789 repertis
2815 1705 3088 1770 indilate
3140 1707 3492 1791 suspensis,
3546 1728 3672 1771 ux·

959 1847 1139 1893 orem
1168 1819 1686 1916 B[artholomei]
1719 1826 1804 1890 de
1831 1824 2279 1891 Baddcsmere
2300 1838 2364 1891 et
2396 1825 2560 1891 filios
2596 1826 2736 1891 eius
2770 1826 2948 1892 misit
2974 1827 3134 1891 turri
3171 1827 3670 1894 Londoniarum

961 1947 1448 2014 custodiendos.

1140 2068 1215 2133 In
1247 2068 1547 2152 sequenti
1584 2066 1953 2132 Nativitate
1998 2067 2362 2133 Salvatoris
2395 2089 2535 2141 rex,
2584 2065 3016 2135 Cirencestrie
3045 2068 3382 2137 celebrato
3423 2069 3675 2141 Natali.

960 2210 1111 2256 cum
1157 2190 1451 2257 exercitu
1512 2188 1791 2254 collecto
1835 2189 2110 2253 tendens
2157 2189 2220 2252 in
2269 2189 2629 2254 marchiam
2678 2188 2937 2263 Wallie,
2982 2190 3337 2257 declinavit
3394 2190 3674 2256 Glover·

964 2313 1161 2385 niam,
1195 2331 1313 2395 per
1339 2311 1665 2394 quosdam
1700 2310 1980 2375 barones
2013 2322 2279 2393 paratos
2312 2311 2652 2376 rebellioni
2697 2325 3072 2395 ocupatam,
3106 2333 3224 2396 per
3257 2311 3670 2397 Wigomiam

961 2433 1047 2498 ad
1110 2429 1595 2515 Briggenorthe
1654 2430 1947 2514 dirigens
2005 2431 2396 2508 exercitum,
2449 2432 2582 2507 ubi,
2637 2444 2857 2498 castro
2919 2454 3036 2517 per
3093 2442 3359 2518 tempus
3415 2431 3672 2519 aliquot

961 2554 1235 2619 defenso
1279 2566 1380 2618 set
1430 2553 1702 2618 tandem
1749 2573 1867 2636 per
1914 2572 2137 2634 regem
2183 2552 2458 2619 viriliter
2510 2563 2918 2638 expugnato,
2963 2553 3476 2620 castellanorum
3522 2556 3672 2639 qui·

961 2673 1245 2739 busdam
1291 2673 1541 2751 occisis,
1576 2673 1905 2757 quosdam
1953 2673 2218 2754 fugatos
2262 2673 2608 2756 utlagiavit
2658 2683 2726 2739 et
2767 2695 2996 2740 eorum
3043 2675 3491 2758 possessiones
3525 2677 3674 2741 ubi·

963 2815 1246 2879 cumque
1310 2793 1375 2859 in
1426 2813 1551 2859 suo
1610 2813 1812 2876 regno
1877 2803 2174 2878 repertas
2234 2794 2639 2861 confiscavit.
2753 2795 3023 2860 Exinde
3098 2794 3444 2880 Salopiam
3517 2817 3674 2880 rege

970 2935 1344 3001 progresso,
1385 2924 1662 2998 uterque
1709 2914 2010 2996 Rogerus
2040 2915 2126 2980 de
2160 2914 2430 2980 Mortuo
2465 2914 2664 2980 mari¹
2711 2917 2797 2981 ad
2837 2917 3280 2982 reverenciam
3322 2927 3390 2982 et
3437 2936 3672 3001 paoem

972 3036 1151 3118 regie
1205 3036 1595 3118 magestatis
1646 3055 1719 3100 se
1776 3035 2119 3112 offerebat,
2172 3056 2341 3118 quos
2399 3037 2597 3101 turris
2648 3035 3144 3101 Londoniarum
3196 3037 3499 3102 custodie
3551 3059 3672 3104 rex

968 3156 1354 3222 transmisit.
1445 3155 1840 3221 Mauricium
1872 3177 2029 3222 vero
2069 3156 2154 3220 de
2189 3156 2513 3240 Berkleye
2542 3167 2609 3222 et
2659 3152 3089 3245 }l[enricum]
3137 3157 3546 3242 Daudeleye,
3583 3161 3674 3225 ad

967 3279 1181 3344 instar
1243 3276 1504 3343 illorum
1566 3277 1653 3342 de
1716 3277 1984 3342 Mortuo
2047 3279 2213 3343 mari
2277 3279 2415 3362 regi
2492 3279 2844 3352 subiectos,
2904 3291 3123 3344 castro
3183 3278 3669 3364 Walingfordie

961 3400 1347 3466 destinavit.
1439 3397 1686 3463 Comes
1734 3398 2145 3470 Heresordie,
2178 3398 2520 3465 Gilbertus
2550 3399 2819 3472 Talbot,
2857 3395 3227 3488 R[ogcrus]
3275 3400 3572 3478 Damori,
3603 3417 3670 3468 et

964 3541 1195 3586 omnes
1236 3520 1349 3584 alii
1392 3521 1513 3584 eiis
1557 3519 1907 3584 aderentes
1950 3519 2036 3583 ad
2085 3519 2396 3585 comitem
2445 3520 2850 3594 lancastrie,
2881 3521 2944 3584 in
2984 3519 3180 3604 plaga
3211 3521 3443 3586 boriali
3491 3523 3674 3606 ipsos

963 3653 1456 3727 expectantem,
1499 3662 1571 3706 se
1617 3640 2114 3705 transtulerunt.
2209 3641 2365 3706 Istis
2410 3642 2708 3726 peractis,
2756 3641 3254 3725 archiepiscopo
3298 3644 3674 3727 presidente

965 3764 1030 3828 in
1092 3763 1373 3831 concilio
1426 3763 1795 3827 Londoniis
1847 3760 2201 3838 celebrat0,
2247 3761 2366 3828 suit
2421 3785 2538 3849 per
2584 3763 2875 3847 prelatos
2928 3763 3260 3847 provincie
3315 3762 3674 3830 Cantuarie

964 3886 1369 3952 declaratum
1412 3885 1593 3968 quod
1644 3904 1989 3969 processus
2023 3884 2208 3948 exilii
2255 3886 2680 3949 dominorum
2736 3885 2824 3949 H.
2855 3897 2923 3950 et
2972 3884 3061 3949 H.
3101 3884 3162 3950 le
3211 3883 3502 3968 Spenser
3545 3885 3670 3951 fuit

964 4026 1273 4072 erroneus
1304 4017 1367 4070 et
1400 4007 1486 4070 de
1530 4006 1669 4069 iure
1712 4004 2153 4071 adnullandus
2183 4027 2199 4084 3
2248 4008 2422 4071 unde
2458 4026 2608 4072 cum
2652 4007 2933 4072 concilio
2974 4007 3402 4074 decreverunt
3439 4008 3672 4074 exula-

966 4140 1073 4194 tos
1118 4127 1352 4193 honori
1403 4127 1677 4212 pristino
1723 4127 2188 4193 restituendos.

1316 4281 1331 4312 ¹
1374 4281 1432 4336 M
1442 4294 1602 4338 ortua
1627 4293 1820 4340 matre.
1852 4283 1913 4338 Β.
1998 4281 2051 4336 Τ
2042 4281 2130 4336 his
2157 4281 2373 4336 absumi
2391 4281 2627 4337 mt'stake
2653 4283 2962 4353 reptata-‘Hy
2989 4299 3176 4338 occurs
3203 4281 3267 4334 ἐκ
3296 4282 3360 4336 Β.
