<?xml version="1.0" encoding="UTF-8"?>
<!DOCTYPE html PUBLIC "-//W3C//DTD XHTML 1.0 Transitional//EN"
    "http://www.w3.org/TR/xhtml1/DTD/xhtml1-transitional.dtd">
<html xmlns="http://www.w3.org/1999/xhtml" xml:lang="en" lang="en">
 <head>
  <title>
</title>
<meta http-equiv="Content-Type" content="text/html;charset=utf-8" />
  <meta name='ocr-system' content='tesseract 3.04.00' />
  <meta name='ocr-capabilities' content='ocr_page ocr_carea ocr_par ocr_line ocrx_word'/>
</head>
<body>
  <div class='ocr_page' id='page_1' title='image "./chronicongalfri01thomgoog_0348.png"; bbox 0 0 4154 4895; ppageno 0'>
   <div class='ocr_carea' id='block_1_1' title="bbox 957 282 2929 359">
    <p class='ocr_par' dir='ltr' id='par_1_1' title="bbox 957 282 2929 359">
     <span class='ocr_line' id='line_1_1' title="bbox 957 282 2929 359; baseline -0.001 -18"><span class='ocrx_word' id='word_1_1' title='bbox 957 294 1082 359; x_wconf 83' lang='lat'>290</span> <span class='ocrx_word' id='word_1_2' title='bbox 1678 282 1961 340; x_wconf 84' lang='lat' dir='ltr'><em>NOTES</em></span> <span class='ocrx_word' id='word_1_3' title='bbox 2003 283 2193 339; x_wconf 76' lang='lat' dir='ltr'>ANB</span> <span class='ocrx_word' id='word_1_4' title='bbox 2234 282 2929 340; x_wconf 76' lang='lat' dir='ltr'><em>ILLUSTRATIONS.</em></span> 
     </span>
    </p>
   </div>
   <div class='ocr_carea' id='block_1_2' title="bbox 1095 444 3667 2528">
    <p class='ocr_par' dir='ltr' id='par_1_2' title="bbox 1095 444 3667 782">
     <span class='ocr_line' id='line_1_2' title="bbox 1098 444 3667 519; baseline -0.001 -17"><span class='ocrx_word' id='word_1_5' title='bbox 1098 448 1334 517; x_wconf 75' lang='lat' dir='ltr'><strong>English</strong></span> <span class='ocrx_word' id='word_1_6' title='bbox 1361 448 1781 514; x_wconf 81' lang='lat' dir='ltr'>ambassadors,</span> <span class='ocrx_word' id='word_1_7' title='bbox 1807 448 1904 504; x_wconf 86' lang='lat' dir='ltr'>the</span> <span class='ocrx_word' id='word_1_8' title='bbox 1927 447 2163 519; x_wconf 90' lang='lat' dir='ltr'>bishops</span> <span class='ocrx_word' id='word_1_9' title='bbox 2189 448 2253 503; x_wconf 80' lang='lat' dir='ltr'>os</span> <span class='ocrx_word' id='word_1_10' title='bbox 2274 448 2534 504; x_wconf 76' lang='lat' dir='ltr'>Norwich</span> <span class='ocrx_word' id='word_1_11' title='bbox 2556 449 2669 504; x_wconf 84' lang='lat' dir='ltr'>and</span> <span class='ocrx_word' id='word_1_12' title='bbox 2694 446 2950 513; x_wconf 84' lang='lat' dir='ltr'>London,</span> <span class='ocrx_word' id='word_1_13' title='bbox 2970 447 3067 503; x_wconf 88' lang='lat' dir='ltr'>the</span> <span class='ocrx_word' id='word_1_14' title='bbox 3086 444 3237 502; x_wconf 74' lang='lat' dir='ltr'>duke</span> <span class='ocrx_word' id='word_1_15' title='bbox 3255 444 3319 501; x_wconf 69' lang='lat' dir='ltr'><strong><em>d</em></strong></span> <span class='ocrx_word' id='word_1_16' title='bbox 3341 446 3667 509; x_wconf 68' lang='lat' dir='ltr'>lamet.</span> 
     </span>
     <span class='ocr_line' id='line_1_3' title="bbox 1095 534 3667 607; baseline -0.001 -18"><span class='ocrx_word' id='word_1_17' title='bbox 1095 536 1192 590; x_wconf 87' lang='lat' dir='ltr'>the</span> <span class='ocrx_word' id='word_1_18' title='bbox 1231 536 1348 590; x_wconf 86' lang='lat' dir='ltr'>earl</span> <span class='ocrx_word' id='word_1_19' title='bbox 1387 535 1451 590; x_wconf 79' lang='lat' dir='ltr'>of</span> <span class='ocrx_word' id='word_1_20' title='bbox 1484 535 1751 601; x_wconf 78' lang='lat' dir='ltr'>Arundel,</span> <span class='ocrx_word' id='word_1_21' title='bbox 1790 536 1904 591; x_wconf 87' lang='lat' dir='ltr'>and</span> <span class='ocrx_word' id='word_1_22' title='bbox 1942 536 2136 591; x_wconf 84' lang='lat' dir='ltr'>others</span> <span class='ocrx_word' id='word_1_23' title='bbox 2175 553 2318 592; x_wconf 73' lang='lat' dir='ltr'>were</span> <span class='ocrx_word' id='word_1_24' title='bbox 2355 536 2659 607; x_wconf 77' lang='lat' dir='ltr'>appointed</span> <span class='ocrx_word' id='word_1_25' title='bbox 2698 554 2773 591; x_wconf 93' lang='lat' dir='ltr'>on</span> <span class='ocrx_word' id='word_1_26' title='bbox 2813 536 2910 591; x_wconf 85' lang='lat' dir='ltr'>the</span> <span class='ocrx_word' id='word_1_27' title='bbox 2952 534 3082 589; x_wconf 81' lang='lat' dir='ltr'>28th</span> <span class='ocrx_word' id='word_1_28' title='bbox 3124 535 3342 603; x_wconf 78' lang='lat' dir='ltr'>August</span> <span class='ocrx_word' id='word_1_29' title='bbox 3387 534 3667 595; x_wconf 67' lang='lat' dir='ltr'>(Fu-dna.</span> 
     </span>
     <span class='ocr_line' id='line_1_4' title="bbox 1098 620 3665 693; baseline -0 -17"><span class='ocrx_word' id='word_1_30' title='bbox 1098 621 1172 676; x_wconf 86' lang='lat' dir='ltr'>iii.</span> <span class='ocrx_word' id='word_1_31' title='bbox 1217 624 1364 691; x_wconf 84' lang='lat'><strong>283).</strong></span> <span class='ocrx_word' id='word_1_32' title='bbox 1438 623 1563 678; x_wconf 64' lang='lat' dir='ltr'>‘flue</span> <span class='ocrx_word' id='word_1_33' title='bbox 1607 624 1824 678; x_wconf 82' lang='lat' dir='ltr'>French</span> <span class='ocrx_word' id='word_1_34' title='bbox 1871 624 2271 680; x_wconf 83' lang='lat' dir='ltr'>ambassadors</span> <span class='ocrx_word' id='word_1_35' title='bbox 2316 641 2458 681; x_wconf 76' lang='lat' dir='ltr'>were</span> <span class='ocrx_word' id='word_1_36' title='bbox 2502 623 2706 693; x_wconf 71' lang='lat' dir='ltr'>piem,</span> <span class='ocrx_word' id='word_1_37' title='bbox 2743 624 2853 680; x_wconf 92' lang='lat' dir='ltr'>duc</span> <span class='ocrx_word' id='word_1_38' title='bbox 2889 623 2962 678; x_wconf 88' lang='lat' dir='ltr'>de</span> <span class='ocrx_word' id='word_1_39' title='bbox 3004 622 3284 687; x_wconf 77' lang='lat' dir='ltr'>Bourbon,</span> <span class='ocrx_word' id='word_1_40' title='bbox 3320 620 3434 676; x_wconf 78' lang='lat' dir='ltr'>aad</span> <span class='ocrx_word' id='word_1_41' title='bbox 3478 621 3665 676; x_wconf 76' lang='lat' dir='ltr'>Pierre</span> 
     </span>
     <span class='ocr_line' id='line_1_5' title="bbox 1096 709 2150 782; baseline 0.003 -19"><span class='ocrx_word' id='word_1_42' title='bbox 1096 709 1167 765; x_wconf 92' lang='lat' dir='ltr'>de</span> <span class='ocrx_word' id='word_1_43' title='bbox 1194 709 1248 763; x_wconf 85' lang='lat' dir='ltr'>la</span> <span class='ocrx_word' id='word_1_44' title='bbox 1275 711 1459 776; x_wconf 63' lang='lat' dir='ltr'>foret,</span> <span class='ocrx_word' id='word_1_45' title='bbox 1484 710 1826 782; x_wconf 85' lang='lat' dir='ltr'>archbishop</span> <span class='ocrx_word' id='word_1_46' title='bbox 1851 710 1916 766; x_wconf 77' lang='lat' dir='ltr'>os</span> <span class='ocrx_word' id='word_1_47' title='bbox 1937 712 2150 767; x_wconf 82' lang='lat' dir='ltr'>Rouen.</span> 
     </span>
    </p>

    <p class='ocr_par' dir='ltr' id='par_1_3' title="bbox 1097 796 3665 2528">
     <span class='ocr_line' id='line_1_6' title="bbox 1171 796 3663 869; baseline -0 -19"><span class='ocrx_word' id='word_1_48' title='bbox 1171 796 1494 866; x_wconf 83' lang='lat' dir='ltr'>Knyghton‚</span> <span class='ocrx_word' id='word_1_49' title='bbox 1523 799 1679 865; x_wconf 83' lang='lat'>2608,</span> <span class='ocrx_word' id='word_1_50' title='bbox 1706 798 1989 854; x_wconf 86' lang='lat' dir='ltr'>describes</span> <span class='ocrx_word' id='word_1_51' title='bbox 2015 798 2112 854; x_wconf 83' lang='lat' dir='ltr'>the</span> <span class='ocrx_word' id='word_1_52' title='bbox 2138 799 2423 869; x_wconf 88' lang='lat' dir='ltr'>reception</span> <span class='ocrx_word' id='word_1_53' title='bbox 2448 798 2513 854; x_wconf 77' lang='lat' dir='ltr'>os</span> <span class='ocrx_word' id='word_1_54' title='bbox 2531 799 2627 854; x_wconf 88' lang='lat' dir='ltr'>the</span> <span class='ocrx_word' id='word_1_55' title='bbox 2653 797 2891 868; x_wconf 81' lang='lat' dir='ltr'>English</span> <span class='ocrx_word' id='word_1_56' title='bbox 2919 809 2976 854; x_wconf 82' lang='lat' dir='ltr'>at</span> <span class='ocrx_word' id='word_1_57' title='bbox 3010 796 3269 867; x_wconf 80' lang='lat' dir='ltr'>Avignon</span> <span class='ocrx_word' id='word_1_58' title='bbox 3292 814 3306 849; x_wconf 70' lang='grc' dir='ltr'>ε</span> <span class='ocrx_word' id='word_1_59' title='bbox 3344 796 3361 823; x_wconf 80' lang='lat'><strong>⁴</strong></span> <span class='ocrx_word' id='word_1_60' title='bbox 3382 796 3663 851; x_wconf 68' lang='lat' dir='ltr'>Henricus</span> 
     </span>
     <span class='ocr_line' id='line_1_7' title="bbox 1097 883 3659 942; baseline -0 -5"><span class='ocrx_word' id='word_1_61' title='bbox 1097 883 1209 938; x_wconf 82' lang='lat' dir='ltr'>dux</span> <span class='ocrx_word' id='word_1_62' title='bbox 1236 883 1576 940; x_wconf 81' lang='lat' dir='ltr'>Lancastriae</span> <span class='ocrx_word' id='word_1_63' title='bbox 1610 896 1667 940; x_wconf 89' lang='lat' dir='ltr'>et</span> <span class='ocrx_word' id='word_1_64' title='bbox 1700 902 1828 940; x_wconf 90' lang='lat' dir='ltr'>cum</span> <span class='ocrx_word' id='word_1_65' title='bbox 1865 902 1935 941; x_wconf 91' lang='lat' dir='ltr'>eo</span> <span class='ocrx_word' id='word_1_66' title='bbox 1970 902 2162 941; x_wconf 85' lang='lat' dir='ltr'>comes</span> <span class='ocrx_word' id='word_1_67' title='bbox 2204 885 2275 942; x_wconf 91' lang='lat' dir='ltr'>de</span> <span class='ocrx_word' id='word_1_68' title='bbox 2309 886 2555 942; x_wconf 80' lang='lat' dir='ltr'>Arundel</span> <span class='ocrx_word' id='word_1_69' title='bbox 2591 898 2645 942; x_wconf 91' lang='lat' dir='ltr'>et</span> <span class='ocrx_word' id='word_1_70' title='bbox 2686 885 2875 941; x_wconf 81' lang='lat' dir='ltr'>caeteri</span> <span class='ocrx_word' id='word_1_71' title='bbox 2920 896 3187 941; x_wconf 83' lang='lat' dir='ltr'>venerunt</span> <span class='ocrx_word' id='word_1_72' title='bbox 3227 883 3563 939; x_wconf 75' lang='lat' dir='ltr'>Avinionem</span> <span class='ocrx_word' id='word_1_73' title='bbox 3606 900 3659 935; x_wconf 84' lang='lat' dir='ltr'>m</span> 
     </span>
     <span class='ocr_line' id='line_1_8' title="bbox 1097 970 3663 1045; baseline -0 -22"><span class='ocrx_word' id='word_1_74' title='bbox 1097 970 1284 1039; x_wconf 82' lang='lat' dir='ltr'>vigilia</span> <span class='ocrx_word' id='word_1_75' title='bbox 1325 970 1549 1027; x_wconf 84' lang='lat' dir='ltr'>Natalis</span> <span class='ocrx_word' id='word_1_76' title='bbox 1590 971 1820 1028; x_wconf 79' lang='lat' dir='ltr'>Domini</span> <span class='ocrx_word' id='word_1_77' title='bbox 1865 989 1993 1027; x_wconf 90' lang='lat' dir='ltr'>cum</span> <span class='ocrx_word' id='word_1_78' title='bbox 2038 990 2122 1028; x_wconf 83' lang='lat' dir='ltr'>cc.</span> <span class='ocrx_word' id='word_1_79' title='bbox 2164 973 2342 1044; x_wconf 88' lang='lat' dir='ltr'>equis,</span> <span class='ocrx_word' id='word_1_80' title='bbox 2379 974 2450 1029; x_wconf 88' lang='lat' dir='ltr'>de</span> <span class='ocrx_word' id='word_1_81' title='bbox 2495 973 2697 1045; x_wconf 83' lang='lat' dir='ltr'>quibus</span> <span class='ocrx_word' id='word_1_82' title='bbox 2746 973 2965 1028; x_wconf 75' lang='lat' dir='ltr'>suerunt</span> <span class='ocrx_word' id='word_1_83' title='bbox 3018 972 3176 1041; x_wconf 77' lang='lat' dir='ltr'>xndj.</span> <span class='ocrx_word' id='word_1_84' title='bbox 3224 988 3353 1025; x_wconf 86' lang='lat' dir='ltr'>cum</span> <span class='ocrx_word' id='word_1_85' title='bbox 3392 972 3663 1026; x_wconf 75' lang='lat' dir='ltr'>hernesiss</span> 
     </span>
     <span class='ocr_line' id='line_1_9' title="bbox 1097 1057 3665 1133; baseline 0 -21"><span class='ocrx_word' id='word_1_86' title='bbox 1097 1057 1362 1127; x_wconf 75' lang='lat' dir='ltr'>cooperti,</span> <span class='ocrx_word' id='word_1_87' title='bbox 1388 1070 1442 1113; x_wconf 91' lang='lat' dir='ltr'>et</span> <span class='ocrx_word' id='word_1_88' title='bbox 1471 1075 1687 1115; x_wconf 86' lang='lat' dir='ltr'>moram</span> <span class='ocrx_word' id='word_1_89' title='bbox 1725 1059 1887 1115; x_wconf 81' lang='lat' dir='ltr'>traxit</span> <span class='ocrx_word' id='word_1_90' title='bbox 1929 1060 2139 1116; x_wconf 84' lang='lat' dir='ltr'>ibidem</span> <span class='ocrx_word' id='word_1_91' title='bbox 2177 1078 2277 1133; x_wconf 94' lang='lat' dir='ltr'>per</span> <span class='ocrx_word' id='word_1_92' title='bbox 2312 1062 2384 1132; x_wconf 85' lang='lat' dir='ltr'>vj.</span> <span class='ocrx_word' id='word_1_93' title='bbox 2422 1061 2766 1132; x_wconf 88' lang='lat' dir='ltr'>septimanas</span> <span class='ocrx_word' id='word_1_94' title='bbox 2802 1078 2931 1116; x_wconf 89' lang='lat' dir='ltr'>cum</span> <span class='ocrx_word' id='word_1_95' title='bbox 2970 1060 3136 1132; x_wconf 83' lang='lat' dir='ltr'>pleno</span> <span class='ocrx_word' id='word_1_96' title='bbox 3173 1060 3399 1114; x_wconf 83' lang='lat' dir='ltr'>honore.</span> <span class='ocrx_word' id='word_1_97' title='bbox 3478 1059 3571 1121; x_wconf 79' lang='lat' dir='ltr'>Et,</span> <span class='ocrx_word' id='word_1_98' title='bbox 3594 1076 3665 1113; x_wconf 79' lang='lat' dir='ltr'>eo</span> 
     </span>
     <span class='ocr_line' id='line_1_10' title="bbox 1097 1145 3661 1219; baseline 0 -20"><span class='ocrx_word' id='word_1_99' title='bbox 1097 1145 1581 1216; x_wconf 75' lang='lat' dir='ltr'>appropinquante</span> <span class='ocrx_word' id='word_1_100' title='bbox 1617 1147 1691 1202; x_wconf 81' lang='lat' dir='ltr'>ad</span> <span class='ocrx_word' id='word_1_101' title='bbox 1728 1147 2032 1214; x_wconf 82' lang='lat' dir='ltr'>civitatem,</span> <span class='ocrx_word' id='word_1_102' title='bbox 2064 1159 2418 1204; x_wconf 84' lang='lat' dir='ltr'>occurrerunt</span> <span class='ocrx_word' id='word_1_103' title='bbox 2449 1149 2500 1204; x_wconf 91' lang='lat' dir='ltr'>ei</span> <span class='ocrx_word' id='word_1_104' title='bbox 2535 1149 2607 1203; x_wconf 89' lang='lat' dir='ltr'>de</span> <span class='ocrx_word' id='word_1_105' title='bbox 2639 1148 2937 1219; x_wconf 87' lang='lat' dir='ltr'>episcopis,</span> <span class='ocrx_word' id='word_1_106' title='bbox 2975 1146 3315 1218; x_wconf 71' lang='lat' dir='ltr'>procerssms,</span> <span class='ocrx_word' id='word_1_107' title='bbox 3346 1146 3579 1209; x_wconf 71' lang='lat' dir='ltr'>civibus,</span> <span class='ocrx_word' id='word_1_108' title='bbox 3607 1160 3661 1199; x_wconf 78' lang='grc' dir='ltr'><strong>α</strong></span> 
     </span>
     <span class='ocr_line' id='line_1_11' title="bbox 1097 1232 3665 1307; baseline 0 -21"><span class='ocrx_word' id='word_1_109' title='bbox 1097 1232 1490 1289; x_wconf 89' lang='lat' dir='ltr'>communibus</span> <span class='ocrx_word' id='word_1_110' title='bbox 1516 1233 1589 1288; x_wconf 89' lang='lat' dir='ltr'>ad</span> <span class='ocrx_word' id='word_1_111' title='bbox 1629 1251 1921 1290; x_wconf 88' lang='lat' dir='ltr'>numerum</span> <span class='ocrx_word' id='word_1_112' title='bbox 1962 1235 2015 1306; x_wconf 84' lang='lat' dir='ltr'>ij.</span> <span class='ocrx_word' id='word_1_113' title='bbox 2056 1235 2207 1291; x_wconf 88' lang='lat' dir='ltr'>mille</span> <span class='ocrx_word' id='word_1_114' title='bbox 2245 1252 2554 1307; x_wconf 82' lang='lat' dir='ltr'>equorum;</span> <span class='ocrx_word' id='word_1_115' title='bbox 2591 1248 2645 1291; x_wconf 89' lang='lat' dir='ltr'>et</span> <span class='ocrx_word' id='word_1_116' title='bbox 2685 1247 2841 1291; x_wconf 82' lang='lat' dir='ltr'>tanta</span> <span class='ocrx_word' id='word_1_117' title='bbox 2879 1234 3058 1291; x_wconf 79' lang='lat' dir='ltr'>extitit</span> <span class='ocrx_word' id='word_1_118' title='bbox 3099 1234 3261 1291; x_wconf 75' lang='lat' dir='ltr'>turba</span> <span class='ocrx_word' id='word_1_119' title='bbox 3295 1234 3665 1293; x_wconf 67' lang='lat' dir='ltr'>obviantium.</span> 
     </span>
     <span class='ocr_line' id='line_1_12' title="bbox 1098 1319 3657 1394; baseline 0 -22"><span class='ocrx_word' id='word_1_120' title='bbox 1098 1319 1251 1390; x_wconf 89' lang='lat' dir='ltr'>quod</span> <span class='ocrx_word' id='word_1_121' title='bbox 1275 1321 1350 1375; x_wconf 86' lang='lat' dir='ltr'>ab</span> <span class='ocrx_word' id='word_1_122' title='bbox 1376 1321 1514 1376; x_wconf 85' lang='lat' dir='ltr'>hora</span> <span class='ocrx_word' id='word_1_123' title='bbox 1538 1321 1648 1377; x_wconf 89' lang='lat' dir='ltr'>diei</span> <span class='ocrx_word' id='word_1_124' title='bbox 1678 1322 1839 1376; x_wconf 88' lang='lat' dir='ltr'>tertia</span> <span class='ocrx_word' id='word_1_125' title='bbox 1867 1340 2042 1393; x_wconf 85' lang='lat' dir='ltr'>usque</span> <span class='ocrx_word' id='word_1_126' title='bbox 2067 1323 2142 1378; x_wconf 83' lang='lat' dir='ltr'>ad</span> <span class='ocrx_word' id='word_1_127' title='bbox 2174 1324 2371 1379; x_wconf 83' lang='lat' dir='ltr'>horam</span> <span class='ocrx_word' id='word_1_128' title='bbox 2404 1340 2762 1394; x_wconf 81' lang='lat' dir='ltr'>vesperarum</span> <span class='ocrx_word' id='word_1_129' title='bbox 2802 1323 2889 1377; x_wconf 82' lang='lat' dir='ltr'>vix</span> <span class='ocrx_word' id='word_1_130' title='bbox 2920 1334 3215 1394; x_wconf 83' lang='lat' dir='ltr'>potuerunt</span> <span class='ocrx_word' id='word_1_131' title='bbox 3250 1334 3479 1393; x_wconf 82' lang='lat' dir='ltr'>pontem</span> <span class='ocrx_word' id='word_1_132' title='bbox 3516 1322 3657 1373; x_wconf 70' lang='lat' dir='ltr'>vin-t</span> 
     </span>
     <span class='ocr_line' id='line_1_13' title="bbox 1100 1408 3661 1479; baseline 0 -18"><span class='ocrx_word' id='word_1_133' title='bbox 1100 1408 1450 1476; x_wconf 86' lang='lat' dir='ltr'>pertransire.</span> <span class='ocrx_word' id='word_1_134' title='bbox 1525 1410 1597 1465; x_wconf 84' lang='lat' dir='ltr'>Et</span> <span class='ocrx_word' id='word_1_135' title='bbox 1624 1425 1753 1464; x_wconf 87' lang='lat' dir='ltr'>cum</span> <span class='ocrx_word' id='word_1_136' title='bbox 1779 1409 2039 1466; x_wconf 75' lang='lat' dir='ltr'>intrasset</span> <span class='ocrx_word' id='word_1_137' title='bbox 2067 1410 2350 1466; x_wconf 82' lang='lat' dir='ltr'>civitatem</span> <span class='ocrx_word' id='word_1_138' title='bbox 2375 1411 2784 1479; x_wconf 87' lang='lat' dir='ltr'>regratiabatur</span> <span class='ocrx_word' id='word_1_139' title='bbox 2807 1411 3039 1475; x_wconf 87' lang='lat' dir='ltr'>cunctis,</span> <span class='ocrx_word' id='word_1_140' title='bbox 3065 1422 3119 1465; x_wconf 91' lang='lat' dir='ltr'>et</span> <span class='ocrx_word' id='word_1_141' title='bbox 3147 1408 3341 1464; x_wconf 78' lang='lat' dir='ltr'>direxit</span> <span class='ocrx_word' id='word_1_142' title='bbox 3370 1410 3473 1463; x_wconf 85' lang='lat' dir='ltr'>iter</span> <span class='ocrx_word' id='word_1_143' title='bbox 3498 1424 3661 1461; x_wconf 68' lang='lat' dir='ltr'>summ</span> 
     </span>
     <span class='ocr_line' id='line_1_14' title="bbox 1100 1495 3663 1569; baseline 0.003 -21"><span class='ocrx_word' id='word_1_144' title='bbox 1100 1510 1274 1565; x_wconf 84' lang='lat' dir='ltr'>usque</span> <span class='ocrx_word' id='word_1_145' title='bbox 1311 1495 1590 1565; x_wconf 83' lang='lat' dir='ltr'>palacium</span> <span class='ocrx_word' id='word_1_146' title='bbox 1629 1514 1811 1568; x_wconf 82' lang='lat' dir='ltr'>papae.</span> <span class='ocrx_word' id='word_1_147' title='bbox 1887 1499 2016 1568; x_wconf 87' lang='lat' dir='ltr'>Quo</span> <span class='ocrx_word' id='word_1_148' title='bbox 2051 1515 2181 1553; x_wconf 89' lang='lat' dir='ltr'>cum</span> <span class='ocrx_word' id='word_1_149' title='bbox 2219 1498 2560 1569; x_wconf 80' lang='lat' dir='ltr'>pervenisset</span> <span class='ocrx_word' id='word_1_150' title='bbox 2598 1512 2751 1555; x_wconf 77' lang='lat' dir='ltr'>extra</span> <span class='ocrx_word' id='word_1_151' title='bbox 2790 1510 3025 1568; x_wconf 82' lang='lat' dir='ltr'>portam,</span> <span class='ocrx_word' id='word_1_152' title='bbox 3063 1497 3349 1553; x_wconf 77' lang='lat' dir='ltr'>desoendit</span> <span class='ocrx_word' id='word_1_153' title='bbox 3388 1497 3464 1550; x_wconf 85' lang='lat' dir='ltr'>ab</span> <span class='ocrx_word' id='word_1_154' title='bbox 3498 1512 3663 1565; x_wconf 72' lang='lat' dir='ltr'>equo.</span> 
     </span>
     <span class='ocr_line' id='line_1_15' title="bbox 1100 1581 3663 1658; baseline 0.001 -23"><span class='ocrx_word' id='word_1_155' title='bbox 1100 1594 1156 1636; x_wconf 91' lang='lat' dir='ltr'>et</span> <span class='ocrx_word' id='word_1_156' title='bbox 1183 1581 1465 1652; x_wconf 85' lang='lat' dir='ltr'>ingressus</span> <span class='ocrx_word' id='word_1_157' title='bbox 1490 1585 1562 1638; x_wconf 90' lang='lat' dir='ltr'>ad</span> <span class='ocrx_word' id='word_1_158' title='bbox 1590 1602 1797 1655; x_wconf 86' lang='lat' dir='ltr'>papam</span> <span class='ocrx_word' id='word_1_159' title='bbox 1822 1602 1949 1640; x_wconf 88' lang='lat' dir='ltr'>cum</span> <span class='ocrx_word' id='word_1_160' title='bbox 1987 1586 2293 1641; x_wconf 88' lang='lat' dir='ltr'>reverentia</span> <span class='ocrx_word' id='word_1_161' title='bbox 2323 1586 2530 1653; x_wconf 78' lang='lat' dir='ltr'>debita,</span> <span class='ocrx_word' id='word_1_162' title='bbox 2564 1599 2725 1658; x_wconf 87' lang='lat' dir='ltr'>prout</span> <span class='ocrx_word' id='word_1_163' title='bbox 2761 1588 2902 1642; x_wconf 84' lang='lat' dir='ltr'>bene</span> <span class='ocrx_word' id='word_1_164' title='bbox 2937 1585 3169 1650; x_wconf 79' lang='lat' dir='ltr'>sciebat,</span> <span class='ocrx_word' id='word_1_165' title='bbox 3202 1584 3462 1638; x_wconf 74' lang='lat' dir='ltr'>salutavit</span> <span class='ocrx_word' id='word_1_166' title='bbox 3492 1600 3623 1638; x_wconf 74' lang='lat' dir='ltr'>em</span> <span class='ocrx_word' id='word_1_167' title='bbox 3648 1602 3663 1643; x_wconf 85' lang='lat'>;</span> 
     </span>
     <span class='ocr_line' id='line_1_16' title="bbox 1099 1670 3663 1745; baseline 0.001 -24"><span class='ocrx_word' id='word_1_168' title='bbox 1099 1678 1156 1722; x_wconf 89' lang='lat' dir='ltr'>et</span> <span class='ocrx_word' id='word_1_169' title='bbox 1197 1679 1256 1722; x_wconf 89' lang='lat' dir='ltr'>ut</span> <span class='ocrx_word' id='word_1_170' title='bbox 1295 1670 1539 1725; x_wconf 78' lang='lat' dir='ltr'>brevitas</span> <span class='ocrx_word' id='word_1_171' title='bbox 1577 1672 1844 1742; x_wconf 87' lang='lat' dir='ltr'>temporis</span> <span class='ocrx_word' id='word_1_172' title='bbox 1881 1672 2135 1741; x_wconf 75' lang='lat' dir='ltr'>exigebat</span> <span class='ocrx_word' id='word_1_173' title='bbox 2174 1685 2370 1729; x_wconf 89' lang='lat' dir='ltr'>mutuo</span> <span class='ocrx_word' id='word_1_174' title='bbox 2407 1675 2807 1745; x_wconf 79' lang='lat' dir='ltr'>colloquentes,</span> <span class='ocrx_word' id='word_1_175' title='bbox 2845 1672 2982 1728; x_wconf 86' lang='lat' dir='ltr'>abiit</span> <span class='ocrx_word' id='word_1_176' title='bbox 3021 1673 3095 1728; x_wconf 82' lang='lat' dir='ltr'>ad</span> <span class='ocrx_word' id='word_1_177' title='bbox 3137 1672 3437 1742; x_wconf 71' lang='lat' dir='ltr'>hospitium</span> <span class='ocrx_word' id='word_1_178' title='bbox 3484 1687 3663 1725; x_wconf 75' lang='lat' dir='ltr'>sunm.</span> 
     </span>
     <span class='ocr_line' id='line_1_17' title="bbox 1107 1754 3661 1830; baseline 0.001 -22"><span class='ocrx_word' id='word_1_179' title='bbox 1107 1754 1398 1812; x_wconf 84' lang='lat' dir='ltr'>Hillaritas</span> <span class='ocrx_word' id='word_1_180' title='bbox 1437 1758 1667 1828; x_wconf 85' lang='lat' dir='ltr'>dapium</span> <span class='ocrx_word' id='word_1_181' title='bbox 1711 1770 1768 1815; x_wconf 87' lang='lat' dir='ltr'>et</span> <span class='ocrx_word' id='word_1_182' title='bbox 1816 1761 2237 1830; x_wconf 88' lang='lat' dir='ltr'>poculentorum</span> <span class='ocrx_word' id='word_1_183' title='bbox 2274 1762 2535 1817; x_wconf 84' lang='lat' dir='ltr'>omnibus</span> <span class='ocrx_word' id='word_1_184' title='bbox 2572 1760 2760 1817; x_wconf 85' lang='lat' dir='ltr'>venire</span> <span class='ocrx_word' id='word_1_185' title='bbox 2798 1760 3115 1816; x_wconf 82' lang='lat' dir='ltr'>volentibus</span> <span class='ocrx_word' id='word_1_186' title='bbox 3150 1771 3205 1816; x_wconf 85' lang='lat' dir='ltr'>et</span> <span class='ocrx_word' id='word_1_187' title='bbox 3244 1759 3395 1815; x_wconf 80' lang='lat' dir='ltr'>refici</span> <span class='ocrx_word' id='word_1_188' title='bbox 3434 1758 3661 1828; x_wconf 70' lang='lat' dir='ltr'>arpien-</span> 
     </span>
     <span class='ocr_line' id='line_1_18' title="bbox 1102 1841 3659 1918; baseline 0.002 -21"><span class='ocrx_word' id='word_1_189' title='bbox 1102 1841 1251 1898; x_wconf 89' lang='lat' dir='ltr'>tibus</span> <span class='ocrx_word' id='word_1_190' title='bbox 1279 1861 1500 1917; x_wconf 77' lang='lat' dir='ltr'>semper</span> <span class='ocrx_word' id='word_1_191' title='bbox 1535 1857 1729 1916; x_wconf 80' lang='lat' dir='ltr'>parata</span> <span class='ocrx_word' id='word_1_192' title='bbox 1766 1860 1904 1913; x_wconf 84' lang='lat' dir='ltr'>erat,</span> <span class='ocrx_word' id='word_1_193' title='bbox 1942 1848 2212 1918; x_wconf 87' lang='lat' dir='ltr'>quamdiu</span> <span class='ocrx_word' id='word_1_194' title='bbox 2250 1848 2324 1903; x_wconf 92' lang='lat' dir='ltr'>ibi</span> <span class='ocrx_word' id='word_1_195' title='bbox 2360 1866 2575 1903; x_wconf 83' lang='lat' dir='ltr'>moram</span> <span class='ocrx_word' id='word_1_196' title='bbox 2610 1848 2814 1913; x_wconf 82' lang='lat' dir='ltr'>traxit;</span> <span class='ocrx_word' id='word_1_197' title='bbox 2850 1860 2905 1905; x_wconf 91' lang='lat' dir='ltr'>et</span> <span class='ocrx_word' id='word_1_198' title='bbox 2941 1850 3111 1903; x_wconf 83' lang='lat' dir='ltr'>talem</span> <span class='ocrx_word' id='word_1_199' title='bbox 3142 1847 3547 1917; x_wconf 75' lang='lat' dir='ltr'>providentiam</span> <span class='ocrx_word' id='word_1_200' title='bbox 3588 1848 3659 1897; x_wconf 82' lang='lat' dir='ltr'>ib·</span> 
     </span>
     <span class='ocr_line' id='line_1_19' title="bbox 1101 1929 3661 2003; baseline 0 -19"><span class='ocrx_word' id='word_1_201' title='bbox 1101 1929 1304 1986; x_wconf 76' lang='lat' dir='ltr'>fecerat</span> <span class='ocrx_word' id='word_1_202' title='bbox 1350 1933 1504 2003; x_wconf 89' lang='lat' dir='ltr'>quod</span> <span class='ocrx_word' id='word_1_203' title='bbox 1552 1945 1672 1989; x_wconf 83' lang='lat' dir='ltr'>tota</span> <span class='ocrx_word' id='word_1_204' title='bbox 1718 1934 1870 1989; x_wconf 86' lang='lat' dir='ltr'>curia</span> <span class='ocrx_word' id='word_1_205' title='bbox 1919 1934 2245 1990; x_wconf 85' lang='lat' dir='ltr'>mirabatur.</span> <span class='ocrx_word' id='word_1_206' title='bbox 2322 1935 2678 1992; x_wconf 80' lang='lat' dir='ltr'>Providentia</span> <span class='ocrx_word' id='word_1_207' title='bbox 2727 1935 2838 1990; x_wconf 80' lang='lat' dir='ltr'>vini</span> <span class='ocrx_word' id='word_1_208' title='bbox 2882 1948 3015 1991; x_wconf 85' lang='lat' dir='ltr'>ante</span> <span class='ocrx_word' id='word_1_209' title='bbox 3052 1936 3355 1989; x_wconf 75' lang='lat' dir='ltr'>adventum</span> <span class='ocrx_word' id='word_1_210' title='bbox 3400 1950 3561 1987; x_wconf 80' lang='lat' dir='ltr'>sunm</span> <span class='ocrx_word' id='word_1_211' title='bbox 3606 1949 3661 1985; x_wconf 82' lang='lat' dir='ltr'>m</span> 
     </span>
     <span class='ocr_line' id='line_1_20' title="bbox 1101 2018 3659 2083; baseline 0.001 -11"><span class='ocrx_word' id='word_1_212' title='bbox 1101 2018 1327 2074; x_wconf 78' lang='lat' dir='ltr'>cellaria</span> <span class='ocrx_word' id='word_1_213' title='bbox 1377 2038 1478 2075; x_wconf 88' lang='lat' dir='ltr'>sua</span> <span class='ocrx_word' id='word_1_214' title='bbox 1527 2033 1647 2076; x_wconf 86' lang='lat' dir='ltr'>erat</span> <span class='ocrx_word' id='word_1_215' title='bbox 1695 2038 1746 2076; x_wconf 91' lang='lat' dir='ltr'>c.</span> <span class='ocrx_word' id='word_1_216' title='bbox 1791 2021 2084 2079; x_wconf 85' lang='lat' dir='ltr'>doliorum.</span> <span class='ocrx_word' id='word_1_217' title='bbox 2174 2025 2246 2078; x_wconf 82' lang='lat' dir='ltr'>Et</span> <span class='ocrx_word' id='word_1_218' title='bbox 2292 2034 2506 2078; x_wconf 78' lang='lat' dir='ltr'>tantam</span> <span class='ocrx_word' id='word_1_219' title='bbox 2553 2023 2957 2079; x_wconf 74' lang='lat' dir='ltr'>humanitatem</span> <span class='ocrx_word' id='word_1_220' title='bbox 2999 2024 3259 2077; x_wconf 86' lang='lat' dir='ltr'>omnibus</span> <span class='ocrx_word' id='word_1_221' title='bbox 3301 2022 3561 2083; x_wconf 73' lang='lat' dir='ltr'>exhibuit.</span> <span class='ocrx_word' id='word_1_222' title='bbox 3602 2034 3659 2074; x_wconf 82' lang='lat' dir='ltr'>et</span> 
     </span>
     <span class='ocr_line' id='line_1_21' title="bbox 1102 2106 3659 2182; baseline 0 -21"><span class='ocrx_word' id='word_1_223' title='bbox 1102 2106 1384 2178; x_wconf 80' lang='lat' dir='ltr'>praecipue</span> <span class='ocrx_word' id='word_1_224' title='bbox 1410 2124 1573 2179; x_wconf 78' lang='lat' dir='ltr'>papae</span> <span class='ocrx_word' id='word_1_225' title='bbox 1596 2122 1651 2165; x_wconf 91' lang='lat' dir='ltr'>et</span> <span class='ocrx_word' id='word_1_226' title='bbox 1679 2108 2075 2173; x_wconf 80' lang='lat' dir='ltr'>cardinalibus,</span> <span class='ocrx_word' id='word_1_227' title='bbox 2102 2111 2253 2182; x_wconf 91' lang='lat' dir='ltr'>quod</span> <span class='ocrx_word' id='word_1_228' title='bbox 2289 2112 2547 2166; x_wconf 82' lang='lat' dir='ltr'>dicebant</span> <span class='ocrx_word' id='word_1_229' title='bbox 2586 2128 2696 2167; x_wconf 84' lang='lat' dir='ltr'>non</span> <span class='ocrx_word' id='word_1_230' title='bbox 2726 2128 2853 2167; x_wconf 85' lang='lat' dir='ltr'>esse</span> <span class='ocrx_word' id='word_1_231' title='bbox 2880 2110 2932 2166; x_wconf 89' lang='lat' dir='ltr'>ei</span> <span class='ocrx_word' id='word_1_232' title='bbox 2964 2127 3157 2182; x_wconf 86' lang='lat' dir='ltr'>parem</span> <span class='ocrx_word' id='word_1_233' title='bbox 3190 2110 3245 2164; x_wconf 86' lang='lat' dir='ltr'>in</span> <span class='ocrx_word' id='word_1_234' title='bbox 3278 2122 3397 2164; x_wconf 87' lang='lat' dir='ltr'>toto</span> <span class='ocrx_word' id='word_1_235' title='bbox 3432 2110 3659 2163; x_wconf 78' lang='lat' dir='ltr'>muodo.</span> 
     </span>
     <span class='ocr_line' id='line_1_22' title="bbox 1106 2193 3659 2263; baseline 0.002 -17"><span class='ocrx_word' id='word_1_236' title='bbox 1106 2193 1238 2248; x_wconf 88' lang='lat' dir='ltr'>Post</span> <span class='ocrx_word' id='word_1_237' title='bbox 1291 2212 1572 2251; x_wconf 84' lang='lat' dir='ltr'>recessum</span> <span class='ocrx_word' id='word_1_238' title='bbox 1617 2214 1781 2252; x_wconf 88' lang='lat' dir='ltr'>suum</span> <span class='ocrx_word' id='word_1_239' title='bbox 1835 2199 1905 2253; x_wconf 90' lang='lat' dir='ltr'>de</span> <span class='ocrx_word' id='word_1_240' title='bbox 1956 2198 2129 2263; x_wconf 77' lang='lat' dir='ltr'>curia.</span> <span class='ocrx_word' id='word_1_241' title='bbox 2183 2198 2382 2254; x_wconf 79' lang='lat' dir='ltr'>Franci</span> <span class='ocrx_word' id='word_1_242' title='bbox 2433 2198 2911 2255; x_wconf 81' lang='lat' dir='ltr'>circumvenerunt</span> <span class='ocrx_word' id='word_1_243' title='bbox 2962 2216 3089 2254; x_wconf 87' lang='lat' dir='ltr'>eum</span> <span class='ocrx_word' id='word_1_244' title='bbox 3141 2198 3374 2261; x_wconf 79' lang='lat' dir='ltr'>insidiis.</span> <span class='ocrx_word' id='word_1_245' title='bbox 3424 2210 3481 2251; x_wconf 76' lang='lat' dir='ltr'>ut</span> <span class='ocrx_word' id='word_1_246' title='bbox 3529 2214 3659 2252; x_wconf 75' lang='lat' dir='ltr'>enm</span> 
     </span>
     <span class='ocr_line' id='line_1_23' title="bbox 1100 2285 3657 2357; baseline 0.001 -23"><span class='ocrx_word' id='word_1_247' title='bbox 1100 2294 1380 2350; x_wconf 83' lang='lat' dir='ltr'>caperent,</span> <span class='ocrx_word' id='word_1_248' title='bbox 1407 2295 1508 2351; x_wconf 83' lang='lat' dir='ltr'>set,</span> <span class='ocrx_word' id='word_1_249' title='bbox 1539 2285 1664 2339; x_wconf 92' lang='lat' dir='ltr'>Deo</span> <span class='ocrx_word' id='word_1_250' title='bbox 1689 2286 2007 2355; x_wconf 76' lang='lat' dir='ltr'>adjuvante,</span> <span class='ocrx_word' id='word_1_251' title='bbox 2035 2304 2135 2357; x_wconf 90' lang='lat' dir='ltr'>per</span> <span class='ocrx_word' id='word_1_252' title='bbox 2160 2288 2365 2341; x_wconf 85' lang='lat' dir='ltr'>multas</span> <span class='ocrx_word' id='word_1_253' title='bbox 2391 2288 2637 2342; x_wconf 83' lang='lat' dir='ltr'>cautelas</span> <span class='ocrx_word' id='word_1_254' title='bbox 2668 2290 2845 2343; x_wconf 78' lang='lat' dir='ltr'>evasit</span> <span class='ocrx_word' id='word_1_255' title='bbox 2885 2298 2939 2341; x_wconf 89' lang='lat' dir='ltr'>et</span> <span class='ocrx_word' id='word_1_256' title='bbox 2974 2286 3119 2341; x_wconf 77' lang='lat' dir='ltr'>venit</span> <span class='ocrx_word' id='word_1_257' title='bbox 3154 2287 3209 2340; x_wconf 87' lang='lat' dir='ltr'>in</span> <span class='ocrx_word' id='word_1_258' title='bbox 3240 2288 3501 2353; x_wconf 69' lang='lat' dir='ltr'>Angliam</span> <span class='ocrx_word' id='word_1_259' title='bbox 3530 2302 3657 2337; x_wconf 71' lang='lat' dir='ltr'>cum</span> 
     </span>
     <span class='ocr_line' id='line_1_24' title="bbox 1105 2368 3659 2443; baseline 0.002 -22"><span class='ocrx_word' id='word_1_260' title='bbox 1105 2368 1352 2425; x_wconf 83' lang='lat' dir='ltr'>honore.’</span> <span class='ocrx_word' id='word_1_261' title='bbox 1425 2373 1532 2427; x_wconf 91' lang='lat' dir='ltr'>See</span> <span class='ocrx_word' id='word_1_262' title='bbox 1557 2374 1679 2426; x_wconf 87' lang='lat' dir='ltr'>also</span> <span class='ocrx_word' id='word_1_263' title='bbox 1705 2374 2013 2442; x_wconf 78' lang='lat' dir='ltr'>Avesbury,</span> <span class='ocrx_word' id='word_1_264' title='bbox 2041 2388 2165 2440; x_wconf 79' lang='lat'><strong>420.</strong></span> <span class='ocrx_word' id='word_1_265' title='bbox 2239 2375 2364 2429; x_wconf 83' lang='lat' dir='ltr'>The</span> <span class='ocrx_word' id='word_1_266' title='bbox 2389 2374 2762 2443; x_wconf 84' lang='lat' dir='ltr'>negotiations</span> <span class='ocrx_word' id='word_1_267' title='bbox 2788 2374 2902 2429; x_wconf 85' lang='lat' dir='ltr'>had</span> <span class='ocrx_word' id='word_1_268' title='bbox 2937 2391 3012 2429; x_wconf 87' lang='lat' dir='ltr'>no</span> <span class='ocrx_word' id='word_1_269' title='bbox 3044 2374 3223 2428; x_wconf 81' lang='lat' dir='ltr'>better</span> <span class='ocrx_word' id='word_1_270' title='bbox 3257 2376 3427 2428; x_wconf 78' lang='lat' dir='ltr'>result</span> <span class='ocrx_word' id='word_1_271' title='bbox 3457 2374 3593 2427; x_wconf 75' lang='lat' dir='ltr'>than</span> <span class='ocrx_word' id='word_1_272' title='bbox 3626 2392 3659 2427; x_wconf 80' lang='lat' dir='ltr'>a</span> 
     </span>
     <span class='ocr_line' id='line_1_25' title="bbox 1103 2458 2374 2528; baseline 0.005 -16"><span class='ocrx_word' id='word_1_273' title='bbox 1103 2458 1490 2528; x_wconf 82' lang='lat' dir='ltr'>prolongation</span> <span class='ocrx_word' id='word_1_274' title='bbox 1517 2461 1582 2515; x_wconf 83' lang='lat' dir='ltr'>os</span> <span class='ocrx_word' id='word_1_275' title='bbox 1599 2462 1692 2516; x_wconf 86' lang='lat' dir='ltr'>the</span> <span class='ocrx_word' id='word_1_276' title='bbox 1719 2473 1872 2518; x_wconf 89' lang='lat' dir='ltr'>truce</span> <span class='ocrx_word' id='word_1_277' title='bbox 1900 2474 1958 2516; x_wconf 89' lang='lat' dir='ltr'>to</span> <span class='ocrx_word' id='word_1_278' title='bbox 1989 2463 2374 2518; x_wconf 77' lang='lat' dir='ltr'>Midsummer.</span> 
     </span>
    </p>
   </div>
   <div class='ocr_carea' id='block_1_3' title="bbox 962 2629 3663 3144">
    <p class='ocr_par' dir='ltr' id='par_1_4' title="bbox 962 2629 3663 3144">
     <span class='ocr_line' id='line_1_26' title="bbox 962 2629 3662 2706; baseline 0.003 -25"><span class='ocrx_word' id='word_1_279' title='bbox 962 2629 1132 2694; x_wconf 60' lang='lat' dir='ltr'>Pate</span> <span class='ocrx_word' id='word_1_280' title='bbox 1157 2630 1288 2698; x_wconf 74' lang='lat'>185,</span> <span class='ocrx_word' id='word_1_281' title='bbox 1317 2632 1349 2685; x_wconf 87' lang='grc'>1.</span> <span class='ocrx_word' id='word_1_282' title='bbox 1378 2645 1428 2698; x_wconf 90' lang='lat'>7.</span> <span class='ocrx_word' id='word_1_283' title='bbox 1502 2633 1628 2687; x_wconf 71' lang='lat' dir='ltr'>Rex</span> <span class='ocrx_word' id='word_1_284' title='bbox 1649 2635 1790 2689; x_wconf 72' lang='lat' dir='ltr'>Nat</span> <span class='ocrx_word' id='word_1_285' title='bbox 1775 2653 1936 2698; x_wconf 69' lang='grc' dir='ltr'>αντε,</span> <span class='ocrx_word' id='word_1_286' title='bbox 1961 2647 2067 2692; x_wconf 86' lang='lat' dir='ltr'>ete.</span> <span class='ocrx_word' id='word_1_287' title='bbox 2144 2636 2376 2692; x_wconf 79' lang='lat' dir='ltr'>charles</span> <span class='ocrx_word' id='word_1_288' title='bbox 2411 2636 2507 2690; x_wconf 85' lang='lat' dir='ltr'>the</span> <span class='ocrx_word' id='word_1_289' title='bbox 2543 2636 2682 2702; x_wconf 76' lang='lat' dir='ltr'>Bad,</span> <span class='ocrx_word' id='word_1_290' title='bbox 2718 2635 2853 2706; x_wconf 80' lang='lat' dir='ltr'>king</span> <span class='ocrx_word' id='word_1_291' title='bbox 2885 2636 2947 2691; x_wconf 73' lang='lat' dir='ltr'>os</span> <span class='ocrx_word' id='word_1_292' title='bbox 2978 2637 3249 2702; x_wconf 61' lang='lat' dir='ltr'>Nus—me,</span> <span class='ocrx_word' id='word_1_293' title='bbox 3280 2637 3662 2691; x_wconf 75' lang='lat' dir='ltr'>assassinated</span> 
     </span>
     <span class='ocr_line' id='line_1_27' title="bbox 1111 2716 3663 2794; baseline 0.002 -23"><span class='ocrx_word' id='word_1_294' title='bbox 1111 2716 1346 2772; x_wconf 83' lang='lat' dir='ltr'>Charles</span> <span class='ocrx_word' id='word_1_295' title='bbox 1384 2718 1454 2773; x_wconf 89' lang='lat' dir='ltr'>de</span> <span class='ocrx_word' id='word_1_296' title='bbox 1493 2721 1545 2774; x_wconf 82' lang='lat' dir='ltr'>la</span> <span class='ocrx_word' id='word_1_297' title='bbox 1585 2722 1770 2775; x_wconf 84' lang='lat' dir='ltr'>Cerda</span> <span class='ocrx_word' id='word_1_298' title='bbox 1807 2739 1880 2776; x_wconf 92' lang='lat' dir='ltr'>on</span> <span class='ocrx_word' id='word_1_299' title='bbox 1919 2724 2014 2778; x_wconf 87' lang='lat' dir='ltr'>the</span> <span class='ocrx_word' id='word_1_300' title='bbox 2052 2723 2150 2777; x_wconf 78' lang='lat' dir='ltr'>Bth</span> <span class='ocrx_word' id='word_1_301' title='bbox 2188 2725 2453 2794; x_wconf 75' lang='lat' dir='ltr'>January,</span> <span class='ocrx_word' id='word_1_302' title='bbox 2498 2737 2647 2793; x_wconf 77' lang='lat'>1354.</span> <span class='ocrx_word' id='word_1_303' title='bbox 2720 2725 2844 2779; x_wconf 84' lang='lat' dir='ltr'>The</span> <span class='ocrx_word' id='word_1_304' title='bbox 2884 2737 3033 2793; x_wconf 74' lang='lat' dir='ltr'>story</span> <span class='ocrx_word' id='word_1_305' title='bbox 3070 2725 3131 2778; x_wconf 70' lang='lat' dir='ltr'>o(</span> <span class='ocrx_word' id='word_1_306' title='bbox 3163 2723 3251 2778; x_wconf 87' lang='lat' dir='ltr'>his</span> <span class='ocrx_word' id='word_1_307' title='bbox 3290 2725 3663 2792; x_wconf 58' lang='lat' dir='ltr'>negantium</span> 
     </span>
     <span class='ocr_line' id='line_1_28' title="bbox 1106 2803 3661 2882; baseline 0.004 -27"><span class='ocrx_word' id='word_1_308' title='bbox 1106 2803 1236 2858; x_wconf 78' lang='lat' dir='ltr'>with</span> <span class='ocrx_word' id='word_1_309' title='bbox 1269 2806 1569 2862; x_wconf 74' lang='lat' dir='ltr'>Lanoester</span> <span class='ocrx_word' id='word_1_310' title='bbox 1591 2809 1703 2863; x_wconf 85' lang='lat' dir='ltr'>and</span> <span class='ocrx_word' id='word_1_311' title='bbox 1730 2809 1795 2864; x_wconf 74' lang='lat' dir='ltr'>os</span> <span class='ocrx_word' id='word_1_312' title='bbox 1812 2811 1906 2865; x_wconf 88' lang='lat' dir='ltr'>the</span> <span class='ocrx_word' id='word_1_313' title='bbox 1934 2812 2103 2865; x_wconf 86' lang='lat' dir='ltr'>result</span> <span class='ocrx_word' id='word_1_314' title='bbox 2134 2829 2246 2864; x_wconf 80' lang='lat' dir='ltr'>was</span> <span class='ocrx_word' id='word_1_315' title='bbox 2274 2811 2388 2866; x_wconf 91' lang='lat' dir='ltr'>told</span> <span class='ocrx_word' id='word_1_316' title='bbox 2416 2813 2489 2880; x_wconf 81' lang='lat' dir='ltr'>by</span> <span class='ocrx_word' id='word_1_317' title='bbox 2517 2813 2595 2865; x_wconf 89' lang='lat' dir='ltr'>sir</span> <span class='ocrx_word' id='word_1_318' title='bbox 2620 2813 2835 2866; x_wconf 79' lang='lat' dir='ltr'>Walter</span> <span class='ocrx_word' id='word_1_319' title='bbox 2874 2813 3129 2881; x_wconf 77' lang='lat' dir='ltr'>Manny&#39;</span> <span class='ocrx_word' id='word_1_320' title='bbox 3116 2829 3171 2866; x_wconf 84' lang='lat' dir='ltr'>tn</span> <span class='ocrx_word' id='word_1_321' title='bbox 3205 2813 3299 2866; x_wconf 86' lang='lat' dir='ltr'>the</span> <span class='ocrx_word' id='word_1_322' title='bbox 3330 2815 3661 2882; x_wconf 62' lang='lat' dir='ltr'>perlutae-nt</span> 
     </span>
     <span class='ocr_line' id='line_1_29' title="bbox 1104 2892 3663 2968; baseline 0.003 -24"><span class='ocrx_word' id='word_1_323' title='bbox 1104 2892 1170 2945; x_wconf 79' lang='lat' dir='ltr'>os</span> <span class='ocrx_word' id='word_1_324' title='bbox 1205 2893 1524 2949; x_wconf 77' lang='lat' dir='ltr'>November</span> <span class='ocrx_word' id='word_1_325' title='bbox 1567 2909 1740 2966; x_wconf 79' lang='lat'>1355:</span> <span class='ocrx_word' id='word_1_326' title='bbox 1779 2899 1885 2952; x_wconf 82' lang='lat' dir='ltr'>‘Et</span> <span class='ocrx_word' id='word_1_327' title='bbox 1925 2898 2157 2953; x_wconf 83' lang='lat' dir='ltr'>durante</span> <span class='ocrx_word' id='word_1_328' title='bbox 2198 2901 2248 2953; x_wconf 79' lang='lat' dir='ltr'>la</span> <span class='ocrx_word' id='word_1_329' title='bbox 2288 2899 2550 2954; x_wconf 87' lang='lat' dir='ltr'>demoere</span> <span class='ocrx_word' id='word_1_330' title='bbox 2587 2899 2688 2954; x_wconf 85' lang='lat' dir='ltr'>des</span> <span class='ocrx_word' id='word_1_331' title='bbox 2726 2900 2837 2953; x_wconf 73' lang='lat' dir='ltr'>dits</span> <span class='ocrx_word' id='word_1_332' title='bbox 2876 2900 3149 2968; x_wconf 81' lang='lat' dir='ltr'>missages</span> <span class='ocrx_word' id='word_1_333' title='bbox 3185 2917 3219 2952; x_wconf 84' lang='lat' dir='ltr'>a</span> <span class='ocrx_word' id='word_1_334' title='bbox 3260 2901 3313 2952; x_wconf 75' lang='lat' dir='ltr'>la</span> <span class='ocrx_word' id='word_1_335' title='bbox 3350 2913 3503 2953; x_wconf 77' lang='lat' dir='ltr'>murt</span> <span class='ocrx_word' id='word_1_336' title='bbox 3546 2899 3663 2968; x_wconf 80' lang='lat' dir='ltr'>[the</span> 
     </span>
     <span class='ocr_line' id='line_1_30' title="bbox 1107 2981 3663 3056; baseline 0.004 -24"><span class='ocrx_word' id='word_1_337' title='bbox 1107 2981 1342 3048; x_wconf 82' lang='lat' dir='ltr'>English</span> <span class='ocrx_word' id='word_1_338' title='bbox 1367 2984 1765 3039; x_wconf 79' lang='lat' dir='ltr'>ambassadors</span> <span class='ocrx_word' id='word_1_339' title='bbox 1802 2997 1857 3041; x_wconf 85' lang='lat' dir='ltr'>at</span> <span class='ocrx_word' id='word_1_340' title='bbox 1898 2984 2183 3055; x_wconf 78' lang='lat' dir='ltr'>Avignon]</span> <span class='ocrx_word' id='word_1_341' title='bbox 2224 3004 2326 3056; x_wconf 86' lang='lat' dir='ltr'>par</span> <span class='ocrx_word' id='word_1_342' title='bbox 2362 2987 2414 3041; x_wconf 90' lang='lat' dir='ltr'>la</span> <span class='ocrx_word' id='word_1_343' title='bbox 2453 2987 2567 3042; x_wconf 84' lang='lat' dir='ltr'>dite</span> <span class='ocrx_word' id='word_1_344' title='bbox 2605 3004 2789 3052; x_wconf 81' lang='lat' dir='ltr'>cause,</span> <span class='ocrx_word' id='word_1_345' title='bbox 2819 2987 2862 3040; x_wconf 86' lang='lat' dir='ltr'>si</span> <span class='ocrx_word' id='word_1_346' title='bbox 2903 2987 3051 3043; x_wconf 75' lang='lat' dir='ltr'>viem</span> <span class='ocrx_word' id='word_1_347' title='bbox 3092 2988 3142 3042; x_wconf 86' lang='lat' dir='ltr'>le</span> <span class='ocrx_word' id='word_1_348' title='bbox 3180 2987 3258 3040; x_wconf 75' lang='lat' dir='ltr'>rui</span> <span class='ocrx_word' id='word_1_349' title='bbox 3297 2987 3369 3040; x_wconf 80' lang='lat' dir='ltr'>de</span> <span class='ocrx_word' id='word_1_350' title='bbox 3414 2989 3663 3042; x_wconf 66' lang='lat' dir='ltr'>Naum</span> 
     </span>
     <span class='ocr_line' id='line_1_31' title="bbox 1105 3070 3659 3144; baseline 0.002 -24"><span class='ocrx_word' id='word_1_351' title='bbox 1105 3080 1298 3122; x_wconf 76' lang='lat' dir='ltr'>sovent</span> <span class='ocrx_word' id='word_1_352' title='bbox 1323 3086 1396 3123; x_wconf 86' lang='lat' dir='ltr'>au</span> <span class='ocrx_word' id='word_1_353' title='bbox 1423 3070 1502 3125; x_wconf 90' lang='lat' dir='ltr'>dit</span> <span class='ocrx_word' id='word_1_354' title='bbox 1530 3071 1686 3136; x_wconf 82' lang='lat' dir='ltr'>dues,</span> <span class='ocrx_word' id='word_1_355' title='bbox 1715 3090 1773 3127; x_wconf 88' lang='lat' dir='ltr'>se</span> <span class='ocrx_word' id='word_1_356' title='bbox 1798 3073 2251 3144; x_wconf 86' lang='lat' dir='ltr'>compleingnant</span> <span class='ocrx_word' id='word_1_357' title='bbox 2281 3075 2380 3128; x_wconf 84' lang='lat' dir='ltr'>des</span> <span class='ocrx_word' id='word_1_358' title='bbox 2406 3091 2763 3142; x_wconf 62' lang='lat' dir='ltr'>gres-aunces.</span> <span class='ocrx_word' id='word_1_359' title='bbox 2790 3087 2927 3128; x_wconf 70' lang='lat' dir='ltr'>torta</span> <span class='ocrx_word' id='word_1_360' title='bbox 2958 3084 3014 3130; x_wconf 91' lang='lat' dir='ltr'>et</span> <span class='ocrx_word' id='word_1_361' title='bbox 3051 3073 3313 3128; x_wconf 82' lang='lat' dir='ltr'>duresces</span> <span class='ocrx_word' id='word_1_362' title='bbox 3347 3077 3475 3144; x_wconf 70' lang='lat' dir='ltr'>qu‘tl</span> <span class='ocrx_word' id='word_1_363' title='bbox 3512 3089 3659 3128; x_wconf 70' lang='lat' dir='ltr'>nm</span> 
     </span>
    </p>
   </div>
   <div class='ocr_carea' id='block_1_4' title="bbox 1105 3155 3663 3314">
    <p class='ocr_par' dir='ltr' id='par_1_5' title="bbox 1105 3155 3663 3314">
     <span class='ocr_line' id='line_1_32' title="bbox 1106 3155 3663 3232; baseline 0.003 -24"><span class='ocrx_word' id='word_1_364' title='bbox 1106 3155 1292 3211; x_wconf 75' lang='lat' dir='ltr'>suffert</span> <span class='ocrx_word' id='word_1_365' title='bbox 1321 3156 1396 3212; x_wconf 90' lang='lat' dir='ltr'>du</span> <span class='ocrx_word' id='word_1_366' title='bbox 1423 3157 1500 3212; x_wconf 92' lang='lat' dir='ltr'>roi</span> <span class='ocrx_word' id='word_1_367' title='bbox 1529 3158 1599 3213; x_wconf 89' lang='lat' dir='ltr'>de</span> <span class='ocrx_word' id='word_1_368' title='bbox 1629 3161 1899 3226; x_wconf 79' lang='lat' dir='ltr'>Fraunce‚</span> <span class='ocrx_word' id='word_1_369' title='bbox 1933 3161 2227 3216; x_wconf 77' lang='lat' dir='ltr'>affermant</span> <span class='ocrx_word' id='word_1_370' title='bbox 2262 3173 2319 3217; x_wconf 84' lang='lat' dir='ltr'>et</span> <span class='ocrx_word' id='word_1_371' title='bbox 2345 3180 2445 3232; x_wconf 78' lang='lat' dir='ltr'>par</span> <span class='ocrx_word' id='word_1_372' title='bbox 2471 3175 2707 3217; x_wconf 85' lang='lat' dir='ltr'>serment</span> <span class='ocrx_word' id='word_1_373' title='bbox 2744 3162 2936 3216; x_wconf 74' lang='lat' dir='ltr'>afflant</span> <span class='ocrx_word' id='word_1_374' title='bbox 2973 3163 3103 3232; x_wconf 81' lang='lat' dir='ltr'>qu&#39;il</span> <span class='ocrx_word' id='word_1_375' title='bbox 3142 3163 3325 3216; x_wconf 61' lang='lat' dir='ltr'>terruit</span> <span class='ocrx_word' id='word_1_376' title='bbox 3366 3165 3663 3216; x_wconf 62' lang='lat' dir='ltr'>solemius</span> 
     </span>
     <span class='ocr_line' id='line_1_33' title="bbox 1105 3238 3659 3314; baseline 0.003 -24"><span class='ocrx_word' id='word_1_377' title='bbox 1105 3238 1339 3294; x_wconf 79' lang='lat' dir='ltr'>alliance</span> <span class='ocrx_word' id='word_1_378' title='bbox 1375 3258 1479 3295; x_wconf 74' lang='lat' dir='ltr'>ove</span> <span class='ocrx_word' id='word_1_379' title='bbox 1519 3255 1704 3297; x_wconf 89' lang='lat' dir='ltr'>nostre</span> <span class='ocrx_word' id='word_1_380' title='bbox 1743 3243 1966 3312; x_wconf 86' lang='lat' dir='ltr'>seignur</span> <span class='ocrx_word' id='word_1_381' title='bbox 2004 3245 2053 3299; x_wconf 89' lang='lat' dir='ltr'>le</span> <span class='ocrx_word' id='word_1_382' title='bbox 2091 3245 2170 3299; x_wconf 90' lang='lat' dir='ltr'>roi</span> <span class='ocrx_word' id='word_1_383' title='bbox 2208 3258 2402 3300; x_wconf 87' lang='lat' dir='ltr'>contre</span> <span class='ocrx_word' id='word_1_384' title='bbox 2442 3262 2542 3298; x_wconf 88' lang='lat' dir='ltr'>son</span> <span class='ocrx_word' id='word_1_385' title='bbox 2582 3246 2661 3299; x_wconf 90' lang='lat' dir='ltr'>dit</span> <span class='ocrx_word' id='word_1_386' title='bbox 2691 3245 2975 3300; x_wconf 67' lang='lat' dir='ltr'>adversair</span> <span class='ocrx_word' id='word_1_387' title='bbox 3000 3263 3105 3300; x_wconf 74' lang='lat' dir='ltr'>ove</span> <span class='ocrx_word' id='word_1_388' title='bbox 3131 3257 3213 3300; x_wconf 86' lang='lat' dir='ltr'>tut</span> <span class='ocrx_word' id='word_1_389' title='bbox 3244 3263 3341 3298; x_wconf 84' lang='lat' dir='ltr'>son</span> <span class='ocrx_word' id='word_1_390' title='bbox 3372 3249 3559 3314; x_wconf 67' lang='lat' dir='ltr'>pum:</span> <span class='ocrx_word' id='word_1_391' title='bbox 3606 3259 3659 3298; x_wconf 80' lang='lat' dir='ltr'>et</span> 
     </span>
    </p>
   </div>
   <div class='ocr_carea' id='block_1_5' title="bbox 1066 3331 3669 4280">
    <p class='ocr_par' dir='ltr' id='par_1_6' title="bbox 1066 3331 3669 4280">
     <span class='ocr_line' id='line_1_34' title="bbox 1105 3331 3665 3403; baseline 0.003 -25"><span class='ocrx_word' id='word_1_392' title='bbox 1105 3335 1224 3379; x_wconf 85' lang='lat' dir='ltr'>tant</span> <span class='ocrx_word' id='word_1_393' title='bbox 1268 3343 1556 3398; x_wconf 85' lang='lat' dir='ltr'>empressa</span> <span class='ocrx_word' id='word_1_394' title='bbox 1601 3331 1649 3385; x_wconf 85' lang='lat' dir='ltr'>le</span> <span class='ocrx_word' id='word_1_395' title='bbox 1688 3331 1767 3386; x_wconf 90' lang='lat' dir='ltr'>dit</span> <span class='ocrx_word' id='word_1_396' title='bbox 1807 3332 1945 3385; x_wconf 88' lang='lat' dir='ltr'>ducs</span> <span class='ocrx_word' id='word_1_397' title='bbox 1984 3349 2085 3402; x_wconf 82' lang='lat' dir='ltr'>par</span> <span class='ocrx_word' id='word_1_398' title='bbox 2122 3349 2212 3387; x_wconf 87' lang='lat' dir='ltr'>ses</span> <span class='ocrx_word' id='word_1_399' title='bbox 2251 3349 2463 3386; x_wconf 86' lang='lat' dir='ltr'>somers</span> <span class='ocrx_word' id='word_1_400' title='bbox 2500 3333 2808 3403; x_wconf 77' lang='lat' dir='ltr'>parlanoes,</span> <span class='ocrx_word' id='word_1_401' title='bbox 2834 3350 2904 3402; x_wconf 90' lang='lat' dir='ltr'>qe</span> <span class='ocrx_word' id='word_1_402' title='bbox 2944 3333 2995 3388; x_wconf 84' lang='lat' dir='ltr'>le</span> <span class='ocrx_word' id='word_1_403' title='bbox 3032 3334 3173 3388; x_wconf 80' lang='lat' dir='ltr'>dues</span> <span class='ocrx_word' id='word_1_404' title='bbox 3212 3335 3283 3386; x_wconf 85' lang='lat' dir='ltr'>lui</span> <span class='ocrx_word' id='word_1_405' title='bbox 3324 3347 3553 3402; x_wconf 71' lang='lat' dir='ltr'>protum</span> <span class='ocrx_word' id='word_1_406' title='bbox 3594 3351 3665 3402; x_wconf 78' lang='lat' dir='ltr'>qe</span> 
     </span>
     <span class='ocr_line' id='line_1_35' title="bbox 1108 3413 3661 3492; baseline 0.004 -27"><span class='ocrx_word' id='word_1_407' title='bbox 1108 3413 1374 3470; x_wconf 82' lang='lat' dir='ltr'>l&#39;alliance</span> <span class='ocrx_word' id='word_1_408' title='bbox 1402 3434 1459 3470; x_wconf 87' lang='lat' dir='ltr'>se</span> <span class='ocrx_word' id='word_1_409' title='bbox 1488 3418 1770 3487; x_wconf 91' lang='lat' dir='ltr'>prendroit</span> <span class='ocrx_word' id='word_1_410' title='bbox 1800 3419 1878 3473; x_wconf 89' lang='lat' dir='ltr'>s&#39;il</span> <span class='ocrx_word' id='word_1_411' title='bbox 1906 3420 2050 3489; x_wconf 87' lang='lat' dir='ltr'>plust</span> <span class='ocrx_word' id='word_1_412' title='bbox 2080 3438 2115 3475; x_wconf 85' lang='lat' dir='ltr'>a</span> <span class='ocrx_word' id='word_1_413' title='bbox 2140 3433 2325 3475; x_wconf 86' lang='lat' dir='ltr'>nostre</span> <span class='ocrx_word' id='word_1_414' title='bbox 2350 3421 2430 3476; x_wconf 89' lang='lat' dir='ltr'>dit</span> <span class='ocrx_word' id='word_1_415' title='bbox 2461 3421 2702 3490; x_wconf 82' lang='lat' dir='ltr'>seignur,</span> <span class='ocrx_word' id='word_1_416' title='bbox 2720 3433 2773 3476; x_wconf 86' lang='lat' dir='ltr'>et</span> <span class='ocrx_word' id='word_1_417' title='bbox 2802 3437 2875 3492; x_wconf 87' lang='lat' dir='ltr'>qe</span> <span class='ocrx_word' id='word_1_418' title='bbox 2903 3438 2995 3476; x_wconf 83' lang='lat' dir='ltr'>sur</span> <span class='ocrx_word' id='word_1_419' title='bbox 3019 3437 3121 3476; x_wconf 82' lang='lat' dir='ltr'>oeo</span> <span class='ocrx_word' id='word_1_420' title='bbox 3148 3422 3181 3474; x_wconf 93' lang='lat' dir='ltr'>il</span> <span class='ocrx_word' id='word_1_421' title='bbox 3212 3423 3661 3490; x_wconf 51' lang='lat' dir='ltr'>&amp;appu-ullam</span> 
     </span>
     <span class='ocr_line' id='line_1_36' title="bbox 1066 3503 3663 3577; baseline 0.003 -23"><span class='ocrx_word' id='word_1_422' title='bbox 1066 3533 1078 3545; x_wconf 88' lang='lat'><strong>·</strong></span> <span class='ocrx_word' id='word_1_423' title='bbox 1108 3517 1168 3554; x_wconf 88' lang='lat' dir='ltr'>se</span> <span class='ocrx_word' id='word_1_424' title='bbox 1209 3503 1604 3559; x_wconf 78' lang='lat' dir='ltr'>enforciement</span> <span class='ocrx_word' id='word_1_425' title='bbox 1649 3523 1810 3561; x_wconf 91' lang='lat' dir='ltr'>come</span> <span class='ocrx_word' id='word_1_426' title='bbox 1856 3505 1891 3560; x_wconf 91' lang='lat' dir='ltr'>il</span> <span class='ocrx_word' id='word_1_427' title='bbox 1931 3506 2139 3577; x_wconf 88' lang='lat' dir='ltr'>purroit</span> <span class='ocrx_word' id='word_1_428' title='bbox 2177 3517 2231 3563; x_wconf 91' lang='lat' dir='ltr'>et</span> <span class='ocrx_word' id='word_1_429' title='bbox 2272 3507 2373 3562; x_wconf 90' lang='lat' dir='ltr'>des</span> <span class='ocrx_word' id='word_1_430' title='bbox 2409 3521 2568 3576; x_wconf 73' lang='lat' dir='ltr'>genta</span> <span class='ocrx_word' id='word_1_431' title='bbox 2606 3520 2661 3562; x_wconf 91' lang='lat' dir='ltr'>et</span> <span class='ocrx_word' id='word_1_432' title='bbox 2700 3508 2771 3563; x_wconf 88' lang='lat' dir='ltr'>de</span> <span class='ocrx_word' id='word_1_433' title='bbox 2808 3509 2989 3572; x_wconf 67' lang='lat' dir='ltr'>nas-ie,</span> <span class='ocrx_word' id='word_1_434' title='bbox 3025 3520 3081 3563; x_wconf 80' lang='lat' dir='ltr'>et</span> <span class='ocrx_word' id='word_1_435' title='bbox 3124 3526 3183 3564; x_wconf 78' lang='lat' dir='ltr'>se</span> <span class='ocrx_word' id='word_1_436' title='bbox 3222 3511 3471 3563; x_wconf 71' lang='lat' dir='ltr'>vendroit</span> <span class='ocrx_word' id='word_1_437' title='bbox 3513 3527 3547 3563; x_wconf 80' lang='lat' dir='ltr'>a</span> <span class='ocrx_word' id='word_1_438' title='bbox 3584 3511 3663 3562; x_wconf 67' lang='lat' dir='ltr'>k·</span> 
     </span>
     <span class='ocr_line' id='line_1_37' title="bbox 1110 3588 3663 3665; baseline 0.004 -25"><span class='ocrx_word' id='word_1_439' title='bbox 1110 3588 1237 3642; x_wconf 85' lang='lat' dir='ltr'>isles</span> <span class='ocrx_word' id='word_1_440' title='bbox 1264 3588 1336 3645; x_wconf 89' lang='lat' dir='ltr'>de</span> <span class='ocrx_word' id='word_1_441' title='bbox 1364 3591 1681 3661; x_wconf 81' lang='lat' dir='ltr'>Cernereye</span> <span class='ocrx_word' id='word_1_442' title='bbox 1706 3605 1760 3649; x_wconf 89' lang='lat' dir='ltr'>et</span> <span class='ocrx_word' id='word_1_443' title='bbox 1787 3596 2063 3665; x_wconf 79' lang='lat' dir='ltr'>Jereseye‚</span> <span class='ocrx_word' id='word_1_444' title='bbox 2091 3612 2194 3665; x_wconf 85' lang='lat' dir='ltr'>pur</span> <span class='ocrx_word' id='word_1_445' title='bbox 2217 3595 2476 3652; x_wconf 76' lang='lat' dir='ltr'>affermer</span> <span class='ocrx_word' id='word_1_446' title='bbox 2499 3607 2553 3650; x_wconf 88' lang='lat' dir='ltr'>et</span> <span class='ocrx_word' id='word_1_447' title='bbox 2589 3612 2812 3651; x_wconf 73' lang='lat' dir='ltr'>assurer</span> <span class='ocrx_word' id='word_1_448' title='bbox 2846 3596 3115 3651; x_wconf 79' lang='lat' dir='ltr'>l&#39;allianoe</span> <span class='ocrx_word' id='word_1_449' title='bbox 3148 3608 3317 3652; x_wconf 77' lang='lat' dir='ltr'>avant</span> <span class='ocrx_word' id='word_1_450' title='bbox 3349 3599 3481 3652; x_wconf 86' lang='lat' dir='ltr'>dite.</span> <span class='ocrx_word' id='word_1_451' title='bbox 3558 3597 3663 3650; x_wconf 75' lang='lat' dir='ltr'>Par</span> 
     </span>
     <span class='ocr_line' id='line_1_38' title="bbox 1106 3675 3665 3752; baseline 0.004 -24"><span class='ocrx_word' id='word_1_452' title='bbox 1106 3675 1235 3745; x_wconf 88' lang='lat' dir='ltr'>quoi</span> <span class='ocrx_word' id='word_1_453' title='bbox 1275 3691 1464 3733; x_wconf 85' lang='lat' dir='ltr'>nostre</span> <span class='ocrx_word' id='word_1_454' title='bbox 1501 3679 1582 3734; x_wconf 89' lang='lat' dir='ltr'>dit</span> <span class='ocrx_word' id='word_1_455' title='bbox 1625 3681 1863 3748; x_wconf 81' lang='lat' dir='ltr'>seignur,</span> <span class='ocrx_word' id='word_1_456' title='bbox 1902 3701 1936 3736; x_wconf 83' lang='lat' dir='ltr'>a</span> <span class='ocrx_word' id='word_1_457' title='bbox 1975 3683 2026 3736; x_wconf 82' lang='lat' dir='ltr'>la</span> <span class='ocrx_word' id='word_1_458' title='bbox 2065 3699 2306 3738; x_wconf 63' lang='lat' dir='ltr'>ret-enne</span> <span class='ocrx_word' id='word_1_459' title='bbox 2343 3684 2419 3738; x_wconf 89' lang='lat' dir='ltr'>du</span> <span class='ocrx_word' id='word_1_460' title='bbox 2457 3685 2535 3738; x_wconf 91' lang='lat' dir='ltr'>dit</span> <span class='ocrx_word' id='word_1_461' title='bbox 2575 3683 2715 3738; x_wconf 82' lang='lat' dir='ltr'>dues</span> <span class='ocrx_word' id='word_1_462' title='bbox 2751 3701 2821 3739; x_wconf 82' lang='lat' dir='ltr'>eo</span> <span class='ocrx_word' id='word_1_463' title='bbox 2862 3685 3203 3752; x_wconf 79' lang='lat' dir='ltr'>Engleterre,</span> <span class='ocrx_word' id='word_1_464' title='bbox 3236 3687 3545 3739; x_wconf 73' lang='lat' dir='ltr'>mtendues</span> <span class='ocrx_word' id='word_1_465' title='bbox 3586 3687 3665 3738; x_wconf 72' lang='lat' dir='ltr'>ln</span> 
     </span>
     <span class='ocr_line' id='line_1_39' title="bbox 1107 3763 3665 3841; baseline 0.004 -25"><span class='ocrx_word' id='word_1_466' title='bbox 1107 3763 1306 3818; x_wconf 85' lang='lat' dir='ltr'>choses</span> <span class='ocrx_word' id='word_1_467' title='bbox 1347 3765 1502 3820; x_wconf 81' lang='lat' dir='ltr'>issint</span> <span class='ocrx_word' id='word_1_468' title='bbox 1543 3769 1722 3837; x_wconf 73' lang='lat' dir='ltr'>parler</span> <span class='ocrx_word' id='word_1_469' title='bbox 1746 3779 1800 3824; x_wconf 90' lang='lat' dir='ltr'>et</span> <span class='ocrx_word' id='word_1_470' title='bbox 1827 3769 2075 3834; x_wconf 83' lang='lat' dir='ltr'>acordez,</span> <span class='ocrx_word' id='word_1_471' title='bbox 2106 3771 2192 3824; x_wconf 81' lang='lat' dir='ltr'>fist</span> <span class='ocrx_word' id='word_1_472' title='bbox 2232 3772 2559 3841; x_wconf 74' lang='lat' dir='ltr'>appamiller</span> <span class='ocrx_word' id='word_1_473' title='bbox 2585 3788 2657 3824; x_wconf 87' lang='lat' dir='ltr'>un</span> <span class='ocrx_word' id='word_1_474' title='bbox 2683 3771 2894 3840; x_wconf 79' lang='lat' dir='ltr'>grande</span> <span class='ocrx_word' id='word_1_475' title='bbox 2921 3789 3107 3827; x_wconf 76' lang='lat' dir='ltr'>armet</span> <span class='ocrx_word' id='word_1_476' title='bbox 3133 3771 3233 3826; x_wconf 81' lang='lat' dir='ltr'>des</span> <span class='ocrx_word' id='word_1_477' title='bbox 3258 3788 3479 3840; x_wconf 60' lang='lat' dir='ltr'>gros-u</span> <span class='ocrx_word' id='word_1_478' title='bbox 3504 3773 3665 3834; x_wconf 69' lang='lat' dir='ltr'>ands,</span> 
     </span>
     <span class='ocr_line' id='line_1_40' title="bbox 1105 3851 3667 3922; baseline 0.004 -18"><span class='ocrx_word' id='word_1_479' title='bbox 1105 3863 1160 3904; x_wconf 89' lang='lat' dir='ltr'>et</span> <span class='ocrx_word' id='word_1_480' title='bbox 1206 3851 1306 3905; x_wconf 86' lang='lat' dir='ltr'>des</span> <span class='ocrx_word' id='word_1_481' title='bbox 1343 3865 1501 3920; x_wconf 72' lang='lat' dir='ltr'>gent:</span> <span class='ocrx_word' id='word_1_482' title='bbox 1538 3855 1775 3911; x_wconf 83' lang='lat' dir='ltr'>d‘armes</span> <span class='ocrx_word' id='word_1_483' title='bbox 1810 3869 1864 3911; x_wconf 91' lang='lat' dir='ltr'>et</span> <span class='ocrx_word' id='word_1_484' title='bbox 1906 3857 2006 3911; x_wconf 84' lang='lat' dir='ltr'>des</span> <span class='ocrx_word' id='word_1_485' title='bbox 2043 3859 2306 3922; x_wconf 69' lang='lat' dir='ltr'>archien,</span> <span class='ocrx_word' id='word_1_486' title='bbox 2342 3871 2395 3914; x_wconf 86' lang='lat' dir='ltr'>et</span> <span class='ocrx_word' id='word_1_487' title='bbox 2438 3859 2751 3914; x_wconf 81' lang='lat' dir='ltr'>s&#39;adrescea</span> <span class='ocrx_word' id='word_1_488' title='bbox 2788 3859 2919 3913; x_wconf 82' lang='lat' dir='ltr'>hors</span> <span class='ocrx_word' id='word_1_489' title='bbox 2955 3859 3027 3914; x_wconf 85' lang='lat' dir='ltr'>de</span> <span class='ocrx_word' id='word_1_490' title='bbox 3066 3861 3249 3914; x_wconf 66' lang='lat' dir='ltr'>rame</span> <span class='ocrx_word' id='word_1_491' title='bbox 3286 3861 3358 3914; x_wconf 85' lang='lat' dir='ltr'>de</span> <span class='ocrx_word' id='word_1_492' title='bbox 3396 3861 3667 3914; x_wconf 69' lang='lat' dir='ltr'>Thanna</span> 
     </span>
     <span class='ocr_line' id='line_1_41' title="bbox 1107 3939 3661 4016; baseline 0.004 -25"><span class='ocrx_word' id='word_1_493' title='bbox 1107 3939 1309 3993; x_wconf 74' lang='lat' dir='ltr'>devers</span> <span class='ocrx_word' id='word_1_494' title='bbox 1347 3941 1425 3994; x_wconf 87' lang='lat' dir='ltr'>les</span> <span class='ocrx_word' id='word_1_495' title='bbox 1465 3941 1610 4006; x_wconf 85' lang='lat' dir='ltr'>isles,</span> <span class='ocrx_word' id='word_1_496' title='bbox 1639 3959 1756 3998; x_wconf 81' lang='lat' dir='ltr'>mes</span> <span class='ocrx_word' id='word_1_497' title='bbox 1783 3955 1925 3999; x_wconf 86' lang='lat' dir='ltr'>totes</span> <span class='ocrx_word' id='word_1_498' title='bbox 1953 3944 2105 4000; x_wconf 75' lang='lat' dir='ltr'>voies</span> <span class='ocrx_word' id='word_1_499' title='bbox 2144 3947 2192 4000; x_wconf 90' lang='lat' dir='ltr'>le</span> <span class='ocrx_word' id='word_1_500' title='bbox 2222 3959 2347 4001; x_wconf 74' lang='lat' dir='ltr'>vent</span> <span class='ocrx_word' id='word_1_501' title='bbox 2390 3964 2447 4002; x_wconf 80' lang='lat' dir='ltr'>se</span> <span class='ocrx_word' id='word_1_502' title='bbox 2486 3960 2733 4000; x_wconf 82' lang='lat' dir='ltr'>monstra</span> <span class='ocrx_word' id='word_1_503' title='bbox 2770 3947 3013 4001; x_wconf 71' lang='lat' dir='ltr'>contr-air</span> <span class='ocrx_word' id='word_1_504' title='bbox 3049 3965 3083 4001; x_wconf 83' lang='lat' dir='ltr'>a</span> <span class='ocrx_word' id='word_1_505' title='bbox 3122 3947 3211 4010; x_wconf 77' lang='lat' dir='ltr'>lui,</span> <span class='ocrx_word' id='word_1_506' title='bbox 3240 3947 3284 4000; x_wconf 76' lang='lat' dir='ltr'>si</span> <span class='ocrx_word' id='word_1_507' title='bbox 3323 3965 3393 4016; x_wconf 84' lang='lat' dir='ltr'>qe</span> <span class='ocrx_word' id='word_1_508' title='bbox 3430 3964 3467 4000; x_wconf 81' lang='lat' dir='ltr'>a</span> <span class='ocrx_word' id='word_1_509' title='bbox 3500 3961 3661 4016; x_wconf 62' lang='lat' dir='ltr'>‘rant</span> 
     </span>
     <span class='ocr_line' id='line_1_42' title="bbox 1108 4027 3667 4106; baseline 0.005 -28"><span class='ocrx_word' id='word_1_510' title='bbox 1108 4027 1271 4097; x_wconf 86' lang='lat' dir='ltr'>peine</span> <span class='ocrx_word' id='word_1_511' title='bbox 1311 4029 1343 4082; x_wconf 90' lang='lat' dir='ltr'>il</span> <span class='ocrx_word' id='word_1_512' title='bbox 1384 4027 1532 4084; x_wconf 72' lang='lat' dir='ltr'>vient</span> <span class='ocrx_word' id='word_1_513' title='bbox 1570 4048 1604 4083; x_wconf 85' lang='lat' dir='ltr'>a</span> <span class='ocrx_word' id='word_1_514' title='bbox 1653 4031 2022 4096; x_wconf 80' lang='lat' dir='ltr'>Portesmuth,</span> <span class='ocrx_word' id='word_1_515' title='bbox 2055 4044 2109 4088; x_wconf 91' lang='lat' dir='ltr'>et</span> <span class='ocrx_word' id='word_1_516' title='bbox 2154 4049 2189 4102; x_wconf 80' lang='lat' dir='ltr'>y</span> <span class='ocrx_word' id='word_1_517' title='bbox 2232 4034 2463 4088; x_wconf 75' lang='lat' dir='ltr'>demota</span> <span class='ocrx_word' id='word_1_518' title='bbox 2499 4047 2657 4100; x_wconf 75' lang='lat' dir='ltr'>grant</span> <span class='ocrx_word' id='word_1_519' title='bbox 2704 4035 2877 4104; x_wconf 79' lang='lat' dir='ltr'>piece,</span> <span class='ocrx_word' id='word_1_520' title='bbox 2922 4047 3039 4088; x_wconf 86' lang='lat' dir='ltr'>tant</span> <span class='ocrx_word' id='word_1_521' title='bbox 3084 4052 3153 4106; x_wconf 84' lang='lat' dir='ltr'>qe</span> <span class='ocrx_word' id='word_1_522' title='bbox 3192 4037 3429 4088; x_wconf 68' lang='grc' dir='ltr'>οεηείω</span> <span class='ocrx_word' id='word_1_523' title='bbox 3474 4037 3667 4090; x_wconf 63' lang='lat' dir='ltr'>mla</span> 
     </span>
     <span class='ocr_line' id='line_1_43' title="bbox 1110 4115 3669 4192; baseline 0.003 -24"><span class='ocrx_word' id='word_1_524' title='bbox 1110 4115 1398 4170; x_wconf 72' lang='lat' dir='ltr'>viendrent</span> <span class='ocrx_word' id='word_1_525' title='bbox 1426 4135 1495 4186; x_wconf 89' lang='lat' dir='ltr'>qe</span> <span class='ocrx_word' id='word_1_526' title='bbox 1522 4118 1571 4171; x_wconf 92' lang='lat' dir='ltr'>le</span> <span class='ocrx_word' id='word_1_527' title='bbox 1598 4118 1678 4172; x_wconf 84' lang='lat' dir='ltr'>dit</span> <span class='ocrx_word' id='word_1_528' title='bbox 1710 4121 1785 4172; x_wconf 90' lang='lat' dir='ltr'>roi</span> <span class='ocrx_word' id='word_1_529' title='bbox 1815 4121 1886 4173; x_wconf 89' lang='lat' dir='ltr'>de</span> <span class='ocrx_word' id='word_1_530' title='bbox 1915 4121 2184 4184; x_wconf 61' lang='lat' dir='ltr'>Nax-ane,</span> <span class='ocrx_word' id='word_1_531' title='bbox 2211 4124 2509 4176; x_wconf 71' lang='lat' dir='ltr'>entrclesse</span> <span class='ocrx_word' id='word_1_532' title='bbox 2538 4123 2588 4175; x_wconf 79' lang='lat' dir='ltr'>la</span> <span class='ocrx_word' id='word_1_533' title='bbox 2616 4123 2729 4176; x_wconf 87' lang='lat' dir='ltr'>dite</span> <span class='ocrx_word' id='word_1_534' title='bbox 2754 4124 2987 4177; x_wconf 74' lang='lat' dir='ltr'>alliance</span> <span class='ocrx_word' id='word_1_535' title='bbox 3019 4135 3209 4176; x_wconf 80' lang='lat' dir='ltr'>contre</span> <span class='ocrx_word' id='word_1_536' title='bbox 3242 4138 3343 4176; x_wconf 77' lang='lat' dir='ltr'>sun</span> <span class='ocrx_word' id='word_1_537' title='bbox 3382 4139 3669 4192; x_wconf 68' lang='lat' dir='ltr'>prunam·</span> 
     </span>
     <span class='ocr_line' id='line_1_44' title="bbox 1106 4206 3665 4280; baseline 0.002 -20"><span class='ocrx_word' id='word_1_538' title='bbox 1106 4215 1158 4260; x_wconf 84' lang='lat' dir='ltr'>et</span> <span class='ocrx_word' id='word_1_539' title='bbox 1191 4217 1447 4272; x_wconf 77' lang='lat' dir='ltr'>serment,</span> <span class='ocrx_word' id='word_1_540' title='bbox 1474 4206 1610 4260; x_wconf 75' lang='lat' dir='ltr'>{cust</span> <span class='ocrx_word' id='word_1_541' title='bbox 1642 4207 1886 4262; x_wconf 73' lang='lat' dir='ltr'>devenuz</span> <span class='ocrx_word' id='word_1_542' title='bbox 1919 4208 2237 4280; x_wconf 77' lang='lat' dir='ltr'>Fraunceys</span> <span class='ocrx_word' id='word_1_543' title='bbox 2261 4221 2313 4264; x_wconf 86' lang='lat' dir='ltr'>et</span> <span class='ocrx_word' id='word_1_544' title='bbox 2344 4209 2653 4264; x_wconf 80' lang='lat' dir='ltr'>adhcrdant</span> <span class='ocrx_word' id='word_1_545' title='bbox 2683 4227 2752 4266; x_wconf 86' lang='lat' dir='ltr'>au</span> <span class='ocrx_word' id='word_1_546' title='bbox 2789 4211 2867 4265; x_wconf 88' lang='lat' dir='ltr'>dit</span> <span class='ocrx_word' id='word_1_547' title='bbox 2904 4210 3187 4266; x_wconf 60' lang='lat' dir='ltr'>adseruit</span> <span class='ocrx_word' id='word_1_548' title='bbox 3218 4223 3405 4266; x_wconf 72' lang='lat' dir='ltr'>uentre</span> <span class='ocrx_word' id='word_1_549' title='bbox 3444 4227 3665 4278; x_wconf 53' lang='lat' dir='ltr'>sequa</span> 
     </span>
    </p>
   </div>
  </div>
 </body>
</html>
