4154 4895
1202 287 1313 342 LE
1371 286 1663 341 BAKER
1718 283 1843 340 DE
1900 283 2521 339 SWVNEBROKE.
3173 289 3212 356 7

504 484 948 554 accumulavit
1008 505 1197 550 amor
1251 480 1564 549 naturalis
1617 492 1717 547 set
1764 481 2195 546 deordinatus
2240 479 2480 564 quem¹
2527 480 2884 545 visceribus
2932 478 3220 563 paternis
3259 491 3398 542 AD.
3417 489 3571 541 1818.

510 610 716 693 gessit
746 629 902 693 erga
933 608 1308 692 predictum
1341 604 1548 669 filium
1579 624 1792 681 suum,
1830 622 2109 686 corpore
2138 602 2703 681 formosissimum,
2727 603 2960 686 spiritu
2992 621 3221 684 super·
3308 625 3347 675 f,
3371 618 3522 676 100⁵.

514 731 879 804 bissimum,
939 739 1092 793 actu
1154 725 1790 809 flagiciosissimum3
1856 723 2091 807 quem¹
2145 724 2413 808 spiritus
2469 723 2860 788 ambicionis
2919 732 2987 789 et
3033 721 3219 805 cupi-

504 851 746 915 ditatis
785 872 826 915 a
855 849 1199 914 viduarum
1243 858 1309 912 et
1351 847 1730 911 orfanorum
1763 845 2288 909 exheredacione
2330 844 2394 907 in
2437 865 2665 909 necem
2698 844 3019 909 nobilium
3053 843 3221 925 regis

513 968 1012 1056 precipuorum²
1042 978 1110 1035 et
1139 970 1237 1033 sui
1270 968 1510 1052 ipsius³
1541 978 1745 1051 atque
1780 966 1987 1051 patris
2026 966 2362 1030 interitum
2401 965 2893 1049 precipitarunt.

688 1091 895 1155 Anno
967 1090 1213 1155 Christi
1282 1087 1684 1170 M.Ccc.xiij.‚
1751 1097 1818 1151 et
1894 1086 2100 1171 ipsius
2189 1087 2360 1170 regis
2426 1086 2558 1169 vij„
2633 1085 2884 1169 Anglie
2959 1084 3219 1160 milicia,
3245 1076 3570 1141 'A.D.1314.

516 1209 922 1295 impaciens⁴
989 1211 1371 1291 iniuriarum
1447 1231 1614 1293 quas
1676 1209 2016 1272 Robertus
2092 1206 2155 1271 le
2232 1206 2446 1290 Bruys
2522 1217 2589 1272 et
2663 1229 2780 1272 sue
2854 1206 3220 1289 conspirate
3260 1194 3537 1259 campaign

517 1332 921 1398 infidelitatis
981 1342 1211 1398 contra
1271 1352 1496 1415 regem
1559 1330 1811 1413 Anglie
1868 1330 2222 1413 prodiciosi
2284 1330 2576 1396 fautores
2636 1329 2702 1394 in
2765 1329 2998 1394 Scocia
3074 1349 3220 1412 per·
3259 1257 3595 1331 inSeouand„

516 1454 878 1528 petrarum,
941 1444 1063 1509 sub
1134 1444 1379 1508 ducatu
1448 1443 1619 1526 regis
1695 1444 1887 1506 iuxta
1949 1463 2198 1527 pagum
2261 1441 2511 1520 Scocie,
2571 1442 2821 1525 quem⁵
2884 1441 3221 1524 Strivelyn

519 1562 824 1645 indigene
897 1569 1378 1643 nuncuparunt,
1443 1581 1516 1625 se
1590 1558 2010 1637 coadunavit,
2089 1558 2155 1621 in
2231 1558 2454 1642 vigilia
2530 1559 2923 1623 Nativitatis
3010 1559 3222 1622 sancti

522 1681 836 1747 Iohannis
894 1682 1216 1764 Baptiste.
1338 1679 1502 1745 Illuc
1563 1678 2005 1763 Anglicorum
2064 1700 2333 1763 pompa,
2394 1700 2603 1763 usque
2667 1689 2826 1744 tunc
2884 1678 3082 1743 solita
3157 1678 3223 1745 in

519 1802 702 1885 equis
749 1801 1151 1885 belligerare,
1197 1802 1423 1885 copias
1484 1801 1763 1866 adduxit
1808 1800 2258 1865 cursantium⁰
2326 1801 2828 1879 dextrariorum,
2888 1819 3222 1884 armorum

516 1924 938 1998 radiancium,
967 1923 1407 2005 miliciamque
1431 1922 1786 2005 copiosam,
1813 1922 1997 1986 cuius
2019 1921 2358 1985 temeritas
2391 1921 2662 1985 nimium
2696 1930 3226 2005 presumptuosa,

517 2044 643 2109 sibi
722 2044 848 2128 ipsi
927 2044 1333 2108 blandiendo
1414 2044 1804 2128 promittens
1885 2042 2235 2106 victoriam
2318 2063 2518 2125 quam
2592 2041 2679 2106 de
2761 2043 2898 2106 suis
2971 2042 3218 2105 viribus

522 2166 1020 2248 desperantibus
1064 2165 1236 2230 solet
1285 2164 1660 2248 Imperator
1696 2162 1978 2228 universi
2022 2162 2339 2237 conferre,
2370 2163 2453 2230 de
2498 2184 2617 2229 sua
2655 2165 3008 2228 securitate
3049 2164 3222 2227 adeo

516 2282 733 2346 suerat
764 2281 1009 2348 confisa
1054 2291 1143 2360 ut,
1190 2291 1408 2364 preter
1455 2281 1893 2345 necessariam
1942 2279 2054 2345 reii
2103 2280 2370 2343 militari
2416 2301 2734 2363 equorum
2780 2290 2847 2345 et
2893 2300 3223 2344 armorum

521 2412 725 2487 atque
769 2400 1152 2468 victualium
1193 2402 1747 2482 habundanciam‚
1777 2422 1934 2467 vasa
1977 2421 2244 2484 quoque
2288 2421 2486 2467 aurea
2534 2411 2601 2467 et
2631 2411 2958 2485 argentea,
2991 2401 3229 2484 quibus

523 2523 828 2607 qualibus
856 2524 1036 2609 pacis
1067 2535 1367 2609 tempore
1397 2524 1613 2589 solent
1636 2525 1858 2587 mundi
1894 2523 2254 2607 principum
2288 2524 2588 2587 convivia
2621 2522 2969 2598 luxuriare,
3001 2543 3224 2587 secum
3268 2532 3466 2597 Luxury
3488 2530 3540 2610 {n

525 2643 811 2710 facerent
885 2644 1139 2709 deferri.
1230 2645 1594 2728 Nunquam
1669 2655 1827 2709 tunc
1903 2653 2241 2728 presentes
2301 2654 2496 2716 antea
2568 2640 2675 2707 vel
2742 2654 2895 2729 post
2970 2653 3226 2708 tantam
3264 2597 3578 2730 gzffgluh

526 2766 942 2831 nobilitatem
975 2775 1113 2830 tam
1148 2765 1441 2830 nobilem
1460 2775 1855 2849 apparatum
1883 2774 2067 2829 tanta
2100 2764 2407 2848 superbia
2434 2765 2868 2829 intumentem
2893 2763 3230 2828 viderunt⁷

525 2885 671 2951 solo
703 2907 938 2969 guerre
971 2886 1204 2951 Martis
1235 2886 1437 2951 favori
1471 2887 1953 2961 commendare,
1980 2898 2050 2951 ut
2084 2906 2335 2970 pauper
2366 2886 2476 2950 ille
2510 2884 2882 2964 Carmelita,
2913 2886 3112 2949 frater
3147 2886 3231 2952 R.

528 3007 836 3084 Bastone,
884 3006 950 3070 in
993 3007 1127 3071 suis
1172 3006 1450 3072 heroicis
1495 3008 1578 3071 de
1622 3008 1861 3071 eodem
1910 3007 2106 3085 benc,
2138 3027 2272 3090 quo
2319 3027 2584 3090 presens
2626 3029 2666 3072 a
2714 3005 2934 3071 Scotis
2979 3016 3231 3090 captus,

524 3127 870 3213 deplanxit
894 3127 1211 3193 luctuose.
1284 3129 1586 3193 Vidisses
1611 3128 1723 3192 illa
1748 3138 1943 3193 nocte
1972 3139 2243 3212 gentem
2272 3126 2670 3210 Anglorum,
2690 3147 2819 3192 non
2842 3127 3230 3210 angelorum

532 3269 715 3313 more
760 3250 1128 3314 vivencium
1160 3259 1261 3314 set
1292 3249 1448 3314 vino
1492 3249 1930 3323 madencium,
1972 3248 2307 3332 crapulam
2357 3249 2817 3322 eructandum,
2864 3246 3231 3331 ‘Wassayl’

528 3379 596 3435 et
628 3368 1011 3435 ‘Drinkhail
1033 3367 1048 3395 '
1086 3369 1236 3455 plus
1280 3370 1482 3435 solito
1530 3371 2019 3447 intonancium;
2064 3381 2335 3436 econtra
2369 3369 2608 3435 Scotos
2638 3370 2903 3434 silentes
2934 3379 3233 3434 sanctam

529 3491 820 3575 vigiliam
853 3492 1096 3557 ieiunio
1128 3488 1551 3567 celebrantes,
1578 3501 1644 3556 et
1677 3512 1902 3556 amore
1932 3493 2148 3576 patrie
2183 3491 2506 3556 libertatis
2537 3492 2688 3556 licet
2722 3491 2979 3564 iniusto,
3006 3500 3231 3554 tamen

529 3611 704 3679 acri⁸
738 3623 805 3678 et
838 3612 903 3675 in
944 3622 1228 3676 mortem
1266 3623 1519 3696 parato,
1550 3622 1910 3678 estuantes.
2026 3613 2104 3677 In
2148 3614 2433 3678 crastino
2482 3612 2685 3689 Scoti‚
2749 3612 2961 3696 campi
3007 3611 3229 3676 locum
3271 3626 3434 3677 Battle
3458 3625 3517 3676 of

531 3735 702 3799 nacti
747 3733 1101 3798 victoribus
1148 3733 1438 3797 maxime
1480 3743 1901 3818 oportunum,
1945 3733 2415 3798 subfodiebant
2477 3734 2560 3798 ad
2610 3752 2985 3796 mensuram
3031 3733 3229 3796 trium
3269 3693 3528 3818 ξζὲζοὼ

530 3855 778 3941 pedum
812 3854 875 3918 in
900 3853 1299 3937 profundum
1323 3865 1392 3920 et
1412 3855 1498 3919 ad
1528 3855 1824 3919 eiusdem
1859 3874 2165 3919 mensure
2195 3853 2618 3920 latitudinem
2649 3855 2858 3918 fossas
2889 3863 3233 3938 protensas
3273 3839 3336 3888 ²⁴
3355 3825 3503 3889 June.

530 3978 597 4042 in
620 3977 890 4060 longum
911 3997 951 4042 a
974 3976 1214 4040 dextro
1240 3976 1303 4040 in
1326 3977 1660 4042 sinistrum
1685 3997 1889 4041 cornu
1913 3976 2259 4052 exercituS,
2283 3977 2651 4057 operientes
2677 3975 2820 4039 illas
2844 3995 2991 4039 cum
3014 3975 3235 4059 plexis

697 4160 715 4194 ¹
755 4180 942 4233 quam.
980 4164 1048 4219 B.
1258 4161 1282 4196 ²
1318 4162 1713 4236 precipucium.
1750 4164 1817 4220 Β.
2028 4161 2050 4193 ³
2088 4163 2318 4234 suipius.
2360 4165 2424 4217 B.
2653 4161 2674 4193 ⁸
2712 4162 2963 4234 impacis.
3005 4166 3068 4218 B.

768 4247 792 4280 ⁸
828 4267 1018 4321 quam.
1060 4252 1124 4309 Β.
1408 4250 1429 4282 ⁸
1465 4251 1858 4309 cressencium.
1900 4253 1962 4306 B.
2179 4248 2200 4281 ⁷
2238 4250 2394 4307 vidit.
2421 4252 2484 4305 B.
2736 4252 2756 4280 ⁸
2792 4267 2942 4306 acro.
2983 4252 3047 4306 B.
