4154 4895
1223 286 1334 341 LE
1377 285 1668 340 BAKER
1714 285 1833 340 DE
1875 284 2497 341 SWYNEBROKE.
3094 293 3216 359 119

513 485 769 560 riorem,
800 481 1077 566 prebens
1123 482 1334 566 patrie
1392 502 1703 566 magnam
1750 482 2169 547 securitatem
2217 504 2256 545 a
2303 479 2557 545 sorariis
2613 476 2887 543 Calesie.
2978 477 3224 543 Volens
3260 491 3574 542 Annua

516 606 715 688 igitur
759 603 1107 669 concilium
1154 604 1556 669 Francorum
1619 604 1837 669 locum
1893 603 2077 666 illum
2133 602 2466 679 rehabere,
2526 612 2640 666 aut
2693 600 2872 665 aliud
2926 600 3220 665 eiusdem
3261 623 3373 677 The

514 725 819 789 utilitatis
881 724 1184 790 edificare
1244 746 1365 809 pro
1425 726 1710 790 tuicione
1769 725 1980 808 patrie
2029 724 2259 801 vicine,
2314 724 2629 786 miserunt
2703 720 3076 787 Galfridum
3137 723 3222 786 de
3260 688 3487 818 ἓξὲξ,

517 845 805 929 Charny,
831 867 1039 930 nuper
1080 848 1494 930 redemptum
1537 848 1621 911 de
1651 867 1906 911 carcere
1935 844 2332 928 Anglorum,
2364 864 2515 909 cum
2547 844 2904 908 autoritate
2943 842 3221 908 faciendi
3259 826 3539 934 ffgssme‘y

514 989 643 1051 que
680 966 1096 1050 sequuntur¹.
1190 967 1656 1031 Itinerantibus
1687 968 1770 1031 de
1803 965 2028 1049 Gynes
2059 967 2146 1031 ad
2189 964 2514 1030 Calesiam
2556 975 2695 1029 erat
2735 966 3007 1048 quidam
3040 964 3222 1029 locus
3259 950 3532 1067 ggisshoe'the

513 1089 865 1173 &sinistris
898 1089 1082 1153 sortis
1123 1099 1222 1153 set
1252 1090 1549 1166 devotus,
1587 1088 1836 1153 habens
1876 1088 2218 1153 ecclesiam
2259 1087 2324 1151 in
2361 1107 2493 1169 qua
2523 1087 2807 1170 virgines
2848 1095 3223 1151 consecrate
3260 1081 3474 1212 ἓξὲξ

512 1211 869 1274 servierunt
916 1210 1082 1287 De0,
1127 1220 1194 1274 et
1237 1210 1599 1275 vocabatur
1645 1207 2037 1287 Labascie23
2108 1219 2175 1273 et
2213 1209 2306 1273 ita
2350 1218 2566 1273 castro
2611 1209 2695 1272 de
2743 1206 2968 1290 Gynes
3016 1207 3225 1271 suerat

511 1332 759 1397 vicinus
775 1329 818 1409 ³,
872 1332 1051 1413 quod
1110 1340 1359 1395 stantes
1415 1329 1684 1413 Anglici
1738 1341 1931 1395 extra
1983 1341 2246 1414 portam
2307 1350 2422 1394 sue
2482 1328 2869 1394 municionis
2921 1338 3227 1412 poterant

513 1450 701 1518 illuc⁴
748 1452 1081 1535 sagittare.
1176 1452 1361 1516 Istud
1425 1452 1895 1516 monasterium
1951 1451 2226 1516 faciliter
2280 1460 2542 1535 poterat
2596 1448 2734 1515 fieri
2788 1449 3168 1514 defensibile
3182 1447 3227 1527 ⁵,

515 1575 747 1640 habuit
783 1574 959 1638 enim
991 1575 1076 1638 ad
1112 1574 1317 1638 instar
1356 1573 1553 1638 castri
1593 1594 1815 1638 muros
1856 1583 2109 1638 erectos
2139 1584 2205 1638 et
2246 1574 2481 1637 turrim
2520 1574 2795 1637 arduam
2832 1581 2898 1636 et
2930 1570 3223 1654 amplam

514 1716 634 1779 pro
664 1693 1057 1779 campanili3
1104 1695 1337 1759 sedens
1364 1695 1626 1777 insuper
1659 1695 1723 1757 in
1750 1693 2049 1769 marisc0‚
2075 1694 2338 1760 modico
2371 1693 2595 1758 labore
2625 1702 2887 1777 poterat
2918 1691 3225 1775 aquatica

516 1815 689 1881 fossa
725 1816 1046 1881 concludi.
1139 1814 1323 1880 Loco
1365 1823 1595 1880 sancto
1633 1824 2240 1898 quantumcumque
2285 1824 2593 1899 suspecto
2632 1825 2858 1878 tamen
2890 1813 2979 1878 ob
3019 1813 3223 1877 devo-

513 1938 765 2002 cionem
802 1937 951 2001 Iesu
1000 1935 1244 2001 Christi
1291 1956 1519 2000 omnes
1550 1934 1820 2019 Anglici
1865 1935 1967 2000 et⁰
2012 1956 2273 2020 semper
2319 1945 2765 2020 pepercerunt,
2799 1955 3005 2017 usque
3040 1930 3221 2016 quo⁷

516 2056 851 2123 Galfridus
918 2058 1429 2141 prenominatus,
1476 2058 1543 2121 in
1586 2056 2020 2122 violacionem
2065 2068 2466 2141 treugarum,
2511 2077 2662 2122 cum
2710 2056 2966 2140 potenti
3022 2074 3221 2119 manu

512 2190 769 2244 armata
816 2178 1042 2262 Gynes
1095 2175 1410 2243 obsessit⁸
1453 2189 1521 2242 et
1569 2177 1887 2243 moniales
1937 2179 2026 2243 ab
2077 2177 2387 2244 ecclesia⁹
2438 2178 2740 2255 dimovit,
2790 2186 3078 2242 castrum
3132 2177 3218 2240 de

512 2299 784 2366 ecclesia
827 2311 893 2365 et
941 2321 1130 2365 muro
1174 2300 1452 2365 barbam
1499 2320 1575 2365 ac
1590 2297 1647 2336 ¹⁰
1691 2300 1818 2365 toti
1852 2299 2096 2365 fossam
2128 2301 2308 2364 nisus
2342 2300 2696 2376 fabricare3
2764 2310 2830 2363 et
2876 2299 3003 2364 hoc
3047 2298 3221 2363 circa

515 2422 943 2488 Pentecosten
990 2422 1160 2486 illius
1206 2421 1378 2500 anni,
1418 2442 1552 2505 quo
1597 2431 1897 2506 tempore
1942 2422 2131 2505 aquis
2176 2442 2306 2487 non
2356 2421 2866 2505 impedientibus
2914 2428 3222 2504 poterant

511 2544 612 2607 sui
659 2544 724 2607 in
778 2545 1056 2610 marisco
1110 2543 1427 2608 laborare.
1522 2542 1759 2625 Itaque
1812 2544 2103 2608 anterius
2161 2543 2409 2608 obsessi
2463 2541 2800 2608 castellani
2833 2542 2939 2606 ·de
2994 2539 3221 2624 Gynes

510 2666 628 2728 vix
661 2675 967 2749 poterant
986 2665 1209 2749 egredi
1237 2661 1415 2748 per¹¹
1449 2664 1658 2729 fossas
1682 2684 1853 2746 aque
1876 2663 2105 2748 plenas
2137 2665 2200 2728 in
2232 2664 2468 2729 cimbis
2486 2661 2541 2700 ¹²
2573 2674 2688 2727 aut
2720 2685 2836 2747 per
2868 2662 3219 2727 mariscum
3317 2678 3354 2726 r.
3380 2680 3502 2727 138.

514 2787 759 2850 invium
781 2796 847 2850 et
867 2805 1212 2869 aquosum,
1231 2805 1350 2849 nec
1374 2783 1426 2849 C
1433 2783 1779 2849 alesienses
1804 2795 2112 2868 poterant
2137 2787 2314 2869 ipsos
2332 2784 2955 2868 quomodocumque
2978 2803 3221 2866 egenos

510 2908 889 2973 victualiare
947 2917 1217 2992 propter
1269 2906 1683 2972 obsidionem
1743 2917 1809 2971 et
1859 2908 2232 2972 custodiam
2293 2907 2378 2971 de
2433 2902 2878 2971 Labbastie¹⁸.
2970 2903 3220 2968 Pluries

511 3028 813 3092 exierunt
844 3029 1092 3092 obsessi
1122 3037 1188 3092 et
1219 3027 1624 3092 dimicabant
1655 3048 1806 3093 cum
1839 3027 1966 3091 illis
2002 3030 2088 3093 de
2120 3024 2564 3104 Labbastie¹³,
2601 3036 2699 3090 set
2741 3026 2936 3089 nimis
2972 3045 3219 3108 paucos

510 3150 868 3233 aliquando
912 3149 1172 3233 sagittis
1212 3159 1280 3214 et
1324 3169 1794 3232 nonnunquam
1836 3149 1981 3214 aliis
2026 3151 2227 3214 armis
2271 3150 2669 3215 occiderunt.
2760 3146 3064 3212 Tandem
3111 3147 3219 3211 die

511 3272 872 3336 constituto
904 3281 1345 3336 convenerunt
1386 3270 1791 3336 Calesienses
1821 3292 1972 3336 cum
2006 3271 2133 3335 illis
2173 3271 2259 3335 de
2292 3270 2441 3353 Oye
2470 3280 2538 3334 et
2569 3270 2653 3334 de
2687 3267 2936 3345 Merke,
2967 3288 3054 3331 ex
3087 3287 3218 3332 una

513 3402 718 3477 parte,
778 3392 1266 3479 occurrentibus
1310 3391 1680 3457 castellanis
1724 3411 1813 3455 ex
1858 3392 2158 3470 adverso,
2202 3402 2270 3456 et
2315 3391 2693 3456 occiderunt
2749 3387 3014 3464 multos,
3068 3386 3214 3471 plu-

512 3534 746 3597 resque
782 3513 1109 3597 fugarunt,
1145 3522 1348 3595 atque
1388 3510 1669 3577 finaliter
1702 3513 2128 3578 incenderunt
2171 3522 2387 3578 totam
2421 3506 2865 3587 Labbastie¹⁴,
2896 3519 2981 3586 et,
3014 3509 3218 3574 muris

511 3635 762 3712 dirutis,
807 3634 1032 3699 omnia
1075 3633 1220 3699 solo
1264 3644 1688 3717 coequarunt.

688 3754 840 3821 Hoc
890 3775 1068 3820 anno
1119 3754 1393 3820 domino
1445 3755 1614 3820 duce
1667 3755 2051 3820 Lancastrie
2105 3753 2452 3840 Spruciam
2512 3750 2808 3838 profecto
2860 3761 2929 3816 et
2979 3751 3218 3816 deinde

583 3990 603 4024 ¹
639 4000 956 4063 sequantur.
994 3993 1060 4046 B.
1281 3989 1304 4024 ¹
1339 3992 1635 4050 Labbscie.
1673 3994 1740 4048 B.
1968 3990 1990 4025 ⁸
2026 3990 2230 4048 vicina.
2269 3992 2335 4046 B.
2571 3988 2593 4020 ⁴
2628 3989 2703 4045 ad
2729 3987 2895 4044 illam.
2934 3990 3002 4044 B.

581 4077 605 4111 ⁸
641 4079 981 4135 defensable.
1020 4081 1086 4135 B.
1265 4076 1287 4110 ⁸
1322 4081 1499 4153 Angl.
1525 4079 1605 4151 et]
1630 4098 1738 4136 om.
1765 4082 1830 4137 C.
2043 4077 2067 4111 ⁷
2103 4094 2408 4150 quousque.
2448 4076 2512 4134 C.
2702 4073 2725 4107 ⁸
2757 4077 3070 4133 obcessum.
3109 4077 3174 4133 C.

583 4165 608 4198 ⁹
641 4168 781 4222 loco·
822 4168 886 4223 C.
1100 4164 1146 4199 ¹⁰
1180 4177 1293 4224 aut.
1332 4171 1397 4224 B.
1611 4168 1652 4202 ²¹
1691 4186 1805 4241 pre.
1846 4170 1909 4225 C.
2128 4166 2170 4199 ¹²
2204 4164 2442 4221 circulis».
2656 4162 2700 4198 ¹⁸
2739 4163 3026 4221 labascie.
3065 4165 3130 4220 C.

586 4253 629 4288 ¹⁴
665 4255 993 4311 Labbascie.
1034 4256 1099 4311 C.
