4154 4895
956 276 989 321 2
1823 267 2314 323 CHRONICON
2369 267 2778 325 GALFRIDI

602 465 912 518 &21800-
952 462 1219 547 insuper
1262 484 1455 548 papa,
1503 485 1676 548 equo
1722 466 2048 531 indomito
2099 465 2390 531 insidens
2434 467 2678 532 invitus
2725 478 2793 534 et
2839 468 3168 553 alligatus,
3215 466 3381 534 facie
3427 486 3660 533 versus

606 594 708 647 111⁸
728 595 894 658 death,
955 587 1236 651 caudam
1269 586 1528 652 effrenis
1569 588 1718 671 equi
1751 607 2084 661 conversa,
2114 609 2306 653 cursu
2340 589 2545 654 nimio
2585 590 2942 657 deserentis
2986 590 3320 676 fatigatus,
3352 592 3658 674 spiritum

606 663 808 792 geg&
958 728 1108 773 cum
1154 709 1488 774 sentencia
1532 710 2245 775 excommunicacionis
2287 711 2350 775 in
2383 713 2742 795 degeneres
2785 712 2954 778 filios
2999 714 3381 797 propaginis
3424 711 3666 796 regalis

957 830 1296 914 sanguinis
1345 831 1744 896 Francorum
1790 832 2087 915 adusque
2121 852 2368 897 nonum
2415 834 2698 916 gradum
2744 836 3119 901 terribiliter
3162 834 3544 919 exspiravit,
3574 832 3666 916 vj.

961 951 1111 1017 idus
1156 950 1486 1025 Octobris,
1519 972 1693 1016 anno
1736 969 1917 1035 ¹304·

606 1072 833 1125 Elecsson
871 1075 930 1153 qs
1133 1072 1341 1137 Anno
1383 1072 1704 1155 sequenti,
1751 1071 1998 1138 scilicet
2057 1070 2302 1139 Christi
2350 1076 2719 1159 uecoiiij..
2769 1076 3123 1143 Bonefacio
3171 1077 3468 1160 predicto
3515 1094 3668 1141 suc·

606 1139 841 1191 Benedici
858 1157 925 1193 η’
960 1194 1157 1258 cessit
1234 1192 1632 1258 Benedictus
1700 1214 1874 1277 papa
1948 1191 2063 1276 xj„
2127 1196 2403 1259 nacione
2481 1196 2915 1271 Lumbardus,
2991 1198 3104 1282 qui
3182 1196 3274 1280 xj.
3345 1195 3668 1261 kalendas

962 1313 1363 1379 Novembris
1437 1313 1656 1379 Rome
1718 1313 1836 1379 suit
1898 1314 2147 1380 electus
2216 1328 2284 1381 et
2345 1317 2454 1382 die
2521 1317 2869 1383 Dominica
2927 1318 3228 1402 sequenti
3290 1328 3666 1382 coronatus.

608 1429 695 1480 ¹¹⁶
720 1445 917 1481 exeom·
966 1434 1105 1500 Iste
1150 1435 1333 1518 prius
1380 1436 1498 1501 suit
1531 1436 1617 1501 de
1662 1437 1897 1501 ordine
1944 1436 2442 1504 Predicatorum
2477 1450 2541 1503 et
2575 1451 2809 1523 postea
2853 1439 3202 1506 cardinalis
3237 1437 3660 1503 Hostiensis¹

607 1497 888 1639 32:33:
961 1555 1376 1641 finaliterque
1445 1568 1635 1640 pater
1703 1568 1988 1642 patrum,
2053 1559 2168 1641 qui
2243 1561 2847 1625 excommunicavit
2910 1571 2978 1625 et
3049 1560 3668 1625 excommunicatos

605 1665 919 1762 Λιμὸς,
959 1678 1383 1743 denunciavit
1454 1699 1685 1743 omnes
1753 1679 1867 1761 qui
1946 1680 2245 1763 capcioni
2314 1681 2792 1765 predecessoris
2860 1681 2962 1745 sui
3034 1691 3524 1755 consenserunt,
3596 1692 3666 1745 et

608 1800 709 1852 mn
731 1802 901 1867 ‹le-th.
958 1807 1214 1884 postea,
1263 1800 1454 1864 nonis
1504 1799 1670 1876 Iulii,
1714 1801 1895 1865 diem
1942 1800 2181 1865 clausit
2226 1816 2620 1867 extremum.

610 1867 799 1935 πω»
1136 1918 1288 1985 Hoc
1346 1939 1519 1984 anno
1572 1940 1690 1985 rex
1758 1920 2126 1985 Edwardus
2185 1942 2256 1986 se
2316 1921 2656 1987 transtulit
2712 1922 2776 1986 in
2842 1920 3165 1998 Scociam,
3226 1930 3514 1986 castrum
3579 1920 3669 1985 de

607 1956 823 2076 ξπ
962 2037 1294 2117 Strivelin,
1337 2041 1517 2124 quod
1561 2040 1983 2106 custodiebat
2016 2039 2389 2106 willelmus
2430 2041 2707 2120 Olisard,
2748 2063 2899 2107 cum
2949 2062 3066 2127 per
3112 2042 3476 2124 nonaginta
3521 2042 3670 2104 dies

604 2090 814 2209 Q
961 2160 1204 2226 crebris
1265 2160 1612 2225 insultibus
1670 2161 1945 2225 viriliter
2012 2163 2402 2239 obsedisset,
2464 2162 2718 2227 obsessi
2789 2183 3156 2247 repugnare
3216 2182 3346 2226 non
3407 2161 3706 2229 diucius.

960 2281 1278 2360 valentes,
1309 2281 1669 2348 discalciati
1714 2293 1781 2347 et
1829 2282 2091 2347 funibus
2146 2283 2315 2348 colla
2361 2284 2697 2349 constricti
2744 2295 3084 2360 exeuntes,
3130 2302 3350 2347 coram
3399 2302 3551 2364 rege
3597 2302 3671 2346 se

962 2414 1389 2487 prostrarunt,
1440 2403 1646 2469 vitam
1701 2414 1768 2468 et
1824 2404 2122 2468 membra
2178 2404 2620 2470 misericordie
2673 2405 2844 2488 regis
2889 2404 3454 2476 commendantes,
3499 2422 3671 2486 quos

962 2523 1049 2588 ad
1095 2524 1299 2588 vitam
1356 2537 1723 2589 reservatos
1774 2527 2016 2591 carceri
2072 2536 2292 2591 tamen
2351 2527 2760 2609 mancipatos
2817 2527 2882 2592 in
2939 2524 3252 2609 Angliam
3303 2526 3670 2591 transmisit

963 2646 1177 2729 pietas
1224 2645 1476 2728 regalis.

612 2763 890 2880 {35¹¹}ng
1130 2764 1343 2832 Anno
1370 2765 1616 2831 Christi
1654 2782 1966 2846 M.c(‘C.v.,
1994 2767 2331 2834 Benedicti
2358 2789 2532 2853 pape
2556 2768 2647 2852 xj.
2672 2787 2845 2833 anno
2876 2767 3111 2851 primo,
3141 2765 3450 2831 Edwardi
3471 2765 3668 2851 primi

612 2895 911 2947 umento.
966 2896 1116 2972 post
1161 2899 1594 2970 conquestum
1636 2908 1810 2952 anno
1856 2889 2097 2973 xxxiij.
2145 2889 2680 2972 solempnitatem
2725 2886 2986 2954 Natalis
3033 2887 3277 2952 Christi
3327 2886 3671 2951 Lincolnie

611 2976 928 3133 λςῖἒίῒ
968 3027 1085 3072 ¹⁶²⁶
1118 3006 1510 3084 Celebmvitz
1557 3018 1625 3074 et
1659 3009 2046 3074 iusticiarios
2089 3011 2174 3074 de
2216 3011 2648 3076 trailebaston
2693 3032 2809 3094 per
2845 3021 3058 3073 totam
3097 3007 3416 3088 Angliam
3466 3006 3670 3070 male·

615 3135 923 3184 *mlh-³⁸0⁰·
967 3128 1250 3194 factores
1294 3130 1636 3215 punituros
1679 3131 2027 3206 ordinavit,
2083 3152 2200 3215 per
2252 3153 2438 3216 quOS,
2485 3131 2714 3197 multis
2765 3130 3123 3213 castigatis,
3173 3131 3344 3210 regis
3388 3127 3668 3193 erarium

964 3251 1157 3317 valde
1204 3251 1414 3317 suerat
1460 3253 1768 3319 ditatum.

616 3372 919 3487 ffffiiiffm
1143 3368 1295 3434 Hoc
1352 3389 1530 3433 anno
1597 3370 1718 3434 suit
1787 3372 2181 3446 subtractus,
2243 3391 2620 3455 suspensus,
2678 3383 2744 3435 et
2817 3369 3234 3451 decapitatus
3295 3364 3672 3429 willelmus

620 3506 859 3556 wnmoe,
969 3488 1242 3572 Waleys
1269 3492 1447 3574 apud
1485 3491 1885 3570 Londonias,
1917 3492 2028 3574 qui
2064 3492 2244 3575 prius
2274 3505 2500 3557 contra
2534 3491 2856 3574 Anglicos
2889 3491 2950 3553 in
2989 3488 3224 3554 Scocia
3267 3501 3332 3552 et
3371 3487 3673 3572 partibus

970 3609 1268 3677 finitimis
1313 3612 1521 3678 multa
1569 3612 1855 3677 facinora
1902 3614 2326 3697 perpetravit.

618 3737 935 3790 tantane.
1149 3731 1339 3796 Circa
1386 3733 1625 3798 festum
1678 3733 2176 3804 Purificacionis.
2227 3733 2559 3799 Robertus
2612 3731 2674 3797 le
2723 3730 2956 3814 Bruys,
3006 3730 3281 3794 nacione
3333 3724 3674 3809 Anglicus,

624 3820 807 3870 Rnbert
1262 3853 1278 3869 .
1631 3854 1647 3869 .
1964 3855 1977 3868 .
2211 3856 2224 3869 .
2856 3853 2867 3864 .
2925 3852 2962 3865 ..
3193 3850 3206 3862 .
3261 3850 3276 3863 .
3423 3847 3438 3862 .
3623 3849 3634 3858 .

626 3885 925 3936 usuca-aim
968 3851 1198 3917 volens
1262 3875 1395 3918 iure
1456 3875 1684 3919 uxoris
1740 3876 1857 3919 sue
1924 3876 2064 3920 sine
2135 3865 2300 3920 scitu
2372 3866 2440 3919 et
2499 3873 2766 3917 assensu
2830 3852 2964 3934 lugu
3028 3852 3276 3914 domini
3339 3867 3439 3910 sui
3503 3868 3674 3930 regis

621 3952 837 4066 2235,ss
966 3971 1219 4058 Anglie
1264 3996 1535 4056 regnum
1586 3975 1819 4040 Scocie
1846 3977 1869 4013 ²
1919 3997 2248 4059 usurpare,
2291 3975 2442 4039 fecit
2481 3973 3031 4040 convocacionem
3073 3983 3458 4052 magnatum
3509 3967 3670 4031 Sco·

620 4099 805 4211 ῧοῖἰ
971 4091 1091 4166 cie,
1150 4090 1317 4156 inter
1367 4113 1537 4175 quos
1591 4093 1654 4155 in
1708 4093 1981 4158 ecclesia
2036 4093 2306 4156 fratrum
2375 4092 2708 4155 Minorum
2757 4089 2933 4174 apud
2991 4085 3276 4150 Dunsres
3329 4083 3673 4148 dominum

626 4178 757 4292 1⁰5³*
810 4179 865 4226 5⁸
1256 4238 1271 4270 ⁸
1319 4232 1574 4286 nonita.
1620 4231 1680 4284 Β.
2135 4229 2154 4258 ²
2192 4245 2360 4284 ausus
2398 4225 2707 4280 r’nterlr'ned
2738 4233 2796 4280 lo
2817 4225 3028 4297 sullam·
3068 4223 3281 4278 Scocie.
3326 4221 3388 4275 Β.

627 4296 837 4356 sum-tn.
