4154 4895
658 2761 869 2817 tw.

958 276 987 323 1
998 260 1085 337 64
1780 266 1831 321 C
1829 266 2152 322 HRONIC
2157 264 2258 322 UL
2270 266 2398 322 UM
2438 266 2547 321 GA
2557 264 2848 321 LFRJD!

1134 464 1538 548 M.cc.lxxvj.
1624 465 1697 530 A
1742 465 2247 532 consecracione
2312 466 2625 531 Iohannis
2669 466 2756 530 de
2811 464 3116 539 Pecham‚
3162 464 3667 532 cantuariensis

956 585 1268 670 episcopi,
1314 586 1615 652 Roberto
1666 587 1754 652 de
1801 584 2267 672 Culwardeby‚
2312 607 2466 652 cum
2517 587 2799 651 sedisset
2843 585 2979 670 viij.
3030 586 3239 659 annis.
3283 585 3466 651 sacto
3521 606 3668 652 mr·

954 704 1194 772 dinale.
3377 705 3576 789 lxxj.¹

1132 829 1584 911 M.cc.lxxviij.
1674 828 1793 894 Ab
1851 830 2040 895 obitu
2093 828 2373 896 Walteri
2432 829 2521 894 de
2581 828 2911 901 Mertone,
2965 827 3301 893 Rofl'ensis
3351 829 3668 914 episcopi,

951 949 1069 1033 qui
1101 948 1322 1014 aulam
1354 952 1440 1015 de
1472 949 1776 1015 Mertone
1808 950 1872 1014 in
1906 949 2178 1015 Oxonia
2207 949 2508 1015 fundavit
2539 962 2606 1015 et
2637 971 2809 1027 eam,
2841 970 2964 1033 pro
2988 950 3480 1015 sustentatione
3521 970 3668 1014 sco-

952 1070 1189 1135 larium
1229 1070 1292 1135 in
1338 1070 1597 1135 duabus
1632 1071 1945 1148 scienciis,
1974 1070 2284 1136 videlicet
2317 1071 2654 1155 theologia
2684 1084 2752 1136 et
2797 1070 3196 1145 dialectica&
3225 1070 3666 1145 studencium.

950 1192 1279 1257 ditissime
1307 1192 1582 1257 dotavit.
3377 1189 3582 1255 lxix.⁸

1130 1325 1367 1377 mccc,
1452 1310 1571 1375 Ab
1602 1310 1789 1378 obitu
1822 1311 2071 1377 Oliveri
2113 1312 2201 1376 de
2232 1310 2540 1391 Suttune,
2571 1312 2884 1397 episcopi,
2913 1331 3065 1377 cum
3105 1312 3390 1378 sedisset
3427 1312 3490 1377 in
3529 1312 3670 1395 epi·

952 1444 1231 1517 scopatu
1264 1431 1712 1497 Lincolniensi
1743 1432 1936 1496 annis
1969 1432 2114 1515 xxj.
3389 1432 3576 1515 xlvij.

1127 1553 1479 1636 πρεπῆ.
1568 1552 1686 1618 Ab
1755 1553 1945 1617 obitu
2024 1553 2346 1618 Iohannis
2404 1556 2492 1619 de
2554 1553 2905 1631 Peccham,
2956 1553 3453 1637 archiepiscopi,
3510 1574 3664 1617 cum

950 1675 1231 1740 sedisset
1291 1674 1456 1756 xiiij.
1500 1674 1710 1739 annis.
1801 1674 2065 1739 Eodem
2110 1695 2289 1741 anno
2349 1675 2688 1741 Robertus
2740 1676 2828 1741 de
2872 1673 3304 1758 Wynchilese
3363 1673 3440 1739 fit
3488 1672 3668 1739 Can·

953 1795 1302 1862 tuariensis
1331 1795 1882 1880 archiepiscopus.
3491 1794 3578 1859 lv.

1128 1916 1486 2001 Μοῦσαί).
1575 1914 1694 1980 Ab
1723 1916 1915 1982 obitu
1948 1917 2248 1982 eiusdem
2299 1917 2575 1983 Roberti
2607 1919 2693 1983 de
2725 1916 3169 2001 Wynchilese‚
3202 1937 3355 1981 cum
3385 1917 3668 1982 tedis-et

954 2059 1076 2103 xx.
1104 2038 1316 2103 annis.
3361 2058 3578 2101 xxxv·

1129 2172 1493 2223 M.CCC.xx.
1580 2156 1697 2222 Ab
1727 2158 1915 2223 obitu
1950 2157 2266 2223 Iohannis
2309 2159 2396 2223 de
2445 2158 2799 2244 Daldirby,
2831 2157 3317 2225 Lincolniensis
3354 2158 3668 2243 episcopi,

954 2302 1107 2347 cum
1138 2281 1415 2347 sedisset
1448 2300 1569 2342 xx.
1608 2279 1818 2343 annis.
2863 2260 2868 2265 ¹
3365 2280 3576 2364 xxvij.

1126 2526 1242 2570 xv.
1325 2504 1448 2573 Ab
1507 2505 1694 2569 obitu
1748 2503 2102 2570 Octaviani
2151 2505 2585 2590 imperatoris,
2630 2526 2782 2572 cum
2845 2506 3232 2591 imperasset
3283 2503 3414 2586 lvij.
3459 2504 3668 2576 annis.

953 2627 1259 2693 videlicet
1288 2637 1445 2691 ante
1486 2625 2023 2690 incarnacionem
2060 2626 2205 2708 xlij.
2245 2627 2434 2692 annis
2466 2639 2534 2692 et
2570 2639 2722 2711 post
2755 2628 3282 2692 incarnacionem
3315 2645 3427 2688 xv.
3457 2625 3668 2696 annis.

955 2759 1307 2831 totumque
1349 2747 1674 2812 mundum
1732 2766 1858 2811 suo
1915 2746 2181 2830 subegit
2239 2747 2536 2832 imperio,
2580 2768 2756 2814 anno
2813 2768 2970 2812 vero
3013 2747 3150 2811 vite
3194 2767 3312 2811 sue
3357 2745 3648 2826 lxxviij·.

3119 2881 3578 2947 NAECCthxtJ.

1127 2990 1384 3074 cccxi.
1472 2990 1587 3055 Ex
1645 3011 1782 3074 quo
1843 2989 2323 3056 Constantinus
2383 2990 2760 3075 imperator,
2805 2989 3069 3054 devicto
3129 2987 3490 3053 Maxentio
3547 3007 3668 3070 per

956 3113 1268 3178 virtutem
1314 3123 1541 3178 sancte
1584 3112 1811 3186 crucis,
1855 3112 2146 3195 suscepit
2194 3111 2564 3195 imperium.
3228 3105 3578 3189 mxxxvi!

1128 3233 1380 3299 cecati.
1468 3232 1589 3298 Ab
1618 3232 1806 3298 obitu
1839 3233 2154 3308 eiusdem,
2174 3251 2326 3297 cum
2370 3232 2756 3316 imperasset
2787 3251 2959 3295 xxx.
2989 3230 3200 3300 annis,
3223 3228 3666 3294 aceede-siam

958 3355 1087 3420 Dei
1134 3376 1251 3439 pre
1296 3354 1807 3438 imperatoribus
1851 3353 2308 3419 confirmasset
2354 3364 2422 3418 et
2467 3353 2784 3418 dotasset.
3386 3349 3577 3432 κνῆ.

1132 3471 1576 3563 Dccc.l[x]ix.
1670 3475 1781 3539 Ex
1824 3496 1960 3558 quo
2006 3474 2212 3558 Dany
2245 3495 2518 3557 regnum
2566 3473 2816 3558 Anglie
2858 3474 3310 3546 devastarunt.
3341 3485 3408 3534 et
3441 3491 3664 3554 regem

958 3595 1594 3662 christianissimum
1638 3595 2087 3678 Aymundum
2132 3595 2647 3660 decollaverunt.
3116 3592 3576 3675 cccclxxviii.

1132 3717 1569 3799 cccclxxvii.
1658 3714 1769 3781 Ex
1827 3737 1963 3800 quo
2024 3716 2347 3782 Merlinus
2407 3730 2592 3782 vates
2639 3717 2706 3781 in
2751 3715 3094 3781 Britannia
3137 3713 3378 3792 floruit,
3421 3727 3490 3778 ct
3531 3733 3664 3798 que

958 3839 1177 3905 sutura
1219 3850 1408 3904 erant
1456 3838 1835 3903 Britonibus
1880 3838 2320 3922 prophetavit.
3219 3835 3574 3900 Deccjxx.

1132 3961 1353 4027 mlxv.
1437 3960 1557 4026 Ab
1579 3961 1767 4025 obitu
1792 3960 2003 4025 sancti
2038 3959 2367 4036 Edwardi,
2401 3961 2570 4042 regis
2600 3971 2667 4024 et
2697 3959 3109 4028 confessoris,
3139 3976 3291 4022 cum
3325 3971 3662 4038 regnasset

954 4083 1146 4168 xxiij.
1167 4084 1374 4162 annis,
1398 4081 1483 4165 vj.
1507 4083 1875 4158 mensibus;
1909 4092 1977 4147 et
2002 4083 2183 4167 apud
2207 4079 2879 4147 westmonasterium
2903 4079 3239 4165 sepelitur.
3297 4077 3662 4162 cuixxxnj.

1163 4236 1181 4270 ⁸
1219 4237 1343 4292 lxix.
1374 4239 1437 4292 B.
1712 4235 1734 4268 ¹
1770 4239 2047 4293 dialetica.
2091 4238 2156 4292 Β.
2429 4233 2452 4267 ⁸
2489 4237 2614 4307 huj.
2647 4237 2708 4290 Β.
2985 4231 3008 4265 ⁶
3047 4233 3322 4302 naec-vj.
3363 4233 3428 4288 Β.
