4154 4895
1280 303 1569 358 NOTES
1610 303 1798 358 AND
1841 304 2536 363 ILLUSTRATIONS.
3134 312 3255 380 217

764 464 1093 535 Knyghton,
1137 478 1292 536 2559,
1336 468 1614 523 mentions
1662 468 1960 537 Douglas's
2003 470 2218 541 cruelty
2253 480 2311 524 to
2355 469 2596 539 English
2641 468 2958 540 prisoners:
2999 468 3013 496 ‘
3034 468 3254 524 Eodem

691 569 860 619 anno,
887 554 941 607 in
967 563 1179 620 aestate,
1205 555 1414 609 sactum
1449 565 1536 611 est
1573 556 1780 611 bellurn
1817 558 1969 625 apud
2006 559 2275 612 Frontem
2313 558 2600 613 Bernarde
2637 557 2784 612 inter
2809 555 3162 612 Christianos
3198 568 3255 612 et

693 656 945 710 paganos
972 660 987 707 ;
1023 653 1078 697 et
1105 640 1181 696 ibi
1207 643 1426 698 occisus
1449 652 1536 699 est
1562 643 1822 699 dominus
1846 646 2094 716 Jacobus
2123 646 2339 715 Duglas
2369 644 2641 713 Scoticus,
2667 644 2761 715 qui
2789 644 2846 698 in
2873 655 3128 715 tempore
3154 660 3257 699 suo

689 727 869 782 multa
910 730 1059 783 mala
1098 728 1356 786 intulerat
1397 730 1648 800 Anglicis
1685 741 1741 785 et
1784 733 2064 803 praecipue
2105 743 2233 803 post
2280 732 2540 803 proeliurn
2578 733 2653 788 de
2695 732 3028 801 Stryveline.
3101 733 3256 785 Nam

690 815 999 884 quemlibet
1041 816 1387 886 sagittarium
1425 835 1592 889 quem
1631 836 1832 889 capere
1878 829 2117 889 poterat,
2157 829 2254 876 aut
2297 820 2552 875 dextram
2595 836 2829 874 manum
2870 818 3110 874 abscidit
3159 829 3257 874 aut

689 903 916 956 oculum
941 903 1198 959 dextrum
1237 904 1394 973 eruit,
1421 915 1476 961 et
1513 907 1660 961 adeo
1691 924 1752 962 se
1789 907 2073 962 crudelem
2098 924 2233 977 erga
2256 907 2529 977 Anglicos
2563 907 2811 978 gerebat,
2838 918 3067 977 propter
3089 922 3255 961 arcus

693 1005 825 1045 suos
864 1001 919 1046 et
971 992 1221 1060 sagittas,
1258 993 1413 1064 quod
1462 995 2012 1065 quantulamcunque
2060 1011 2349 1050 enormem
2391 1005 2447 1051 et
2495 995 2902 1051 intolerabilem
2945 992 3254 1049 vindictam

691 1093 890 1147 capere
933 1089 1125 1148 posset
1175 1080 1247 1135 de
1295 1080 1551 1150 personis
1599 1082 1855 1151 Anglicis
1904 1081 2090 1137 minus
2134 1084 2363 1138 brevem
2410 1093 2466 1138 et
2511 1083 2692 1138 levem
2738 1080 3095 1152 excogitavit,
3132 1097 3248 1135 non

692 1165 910 1221 habens
947 1166 1020 1222 de
1056 1167 1244 1239 aliquo
1281 1167 1582 1239 pietatem?

549 1285 719 1351 Pago
742 1287 845 1355 42,
881 1288 917 1342 l.
943 1302 994 1356 9.
1068 1289 1290 1359 Nupcie
1320 1291 1476 1344 inter
1489 1291 1662 1360 filias
1696 1290 1911 1362 Rogeri
1948 1291 2016 1344 de
2047 1290 2289 1346 Mortuo
2324 1293 2492 1345 mari.
2570 1284 2680 1347 His
2717 1291 2994 1361 daughter
3027 1288 3254 1344 Beatrix

693 1391 808 1429 was
843 1375 1085 1431 married
1121 1387 1180 1432 to
1205 1377 1466 1445 Edward,
1493 1394 1596 1433 son
1626 1378 1688 1433 of
1717 1378 1969 1434 Thomas
2002 1378 2067 1433 os
2098 1380 2471 1446 Brotherton3
2508 1379 2623 1434 and
2648 1381 2839 1449 Agnes
2865 1389 2924 1433 to
2950 1380 3254 1442 Laurence,

694 1474 797 1512 son
833 1459 899 1513 os
925 1459 1094 1530 John,
1122 1461 1270 1516 Lord
1313 1461 1604 1531 Hastings,
1641 1462 1754 1516 and
1784 1461 2110 1517 afterwards
2143 1464 2258 1517 earl
2291 1463 2357 1517 os
2396 1463 2727 1518 Pembroke.
2805 1464 2897 1517 He
2933 1461 3048 1516 had
3085 1461 3142 1516 in
3179 1461 3255 1515 all

691 1562 861 1601 seven
893 1547 1213 1617 daughterS,
1238 1549 1377 1603 each
1411 1549 1474 1603 of
1505 1550 1690 1603 whom
1716 1567 1831 1605 was
1856 1549 2100 1604 married
2127 1549 2246 1605 into
2272 1567 2429 1605 some
2454 1551 2716 1619 powersul
2744 1549 2955 1619 family.

548 1686 692 1697 ——
728 1661 763 1714 1.
799 1675 886 1715 21.
956 1661 1414 1716 Parliamentum
1455 1662 1796 1717 Sarisbude.
1870 1662 2010 1717 This
2057 1663 2390 1733 parliament
2439 1672 2526 1718 sat
2567 1663 2711 1718 from
2751 1664 2847 1719 the
2890 1662 3017 1718 16th
3057 1672 3117 1717 to
3157 1662 3254 1717 the

690 1758 814 1816 31st
841 1749 1104 1803 October.
1179 1750 1531 1805 Lancaster's
1566 1750 1816 1806 abortive
1853 1760 2092 1821 attempt
2117 1760 2173 1805 to
2198 1751 2375 1805 throw
2399 1750 2488 1805 off
2512 1750 2854 1807 Mortimer’s
2878 1751 3024 1820 yoke
3050 1750 3097 1804 is
3122 1749 3253 1805 thus

690 1835 985 1891 described
1010 1838 1085 1906 by
1112 1838 1438 1907 Knyghton,
1465 1850 1671 1907 2553-5
1699 1856 1713 1893 :
1766 1837 1780 1865 ‘
1798 1838 2018 1892 Eodem
2057 1855 2208 1892 anno
2244 1848 2445 1908 captus
2471 1849 2559 1893 est
2583 1838 2845 1894 dominus
2874 1839 3153 1893 Robertus
3180 1836 3254 1891 de

694 1924 923 1978 Holand
964 1924 1020 1978 in
1064 1942 1178 1979 uno
1212 1925 1385 1980 bosco
1427 1925 1567 1980 citra
1605 1924 1943 1981 Londonias.
2021 1925 2137 1980 Iste
2178 1926 2458 1982 Robertus
2504 1936 2724 1981 erectus
2761 1935 2848 1981 est
2890 1925 2964 1980 de
3008 1940 3253 1995 paupere

690 2011 865 2067 milite
899 2011 955 2066 in
993 2012 1290 2067 sublimem
1326 2023 1383 2067 et
1421 2012 1652 2068 divitem
1692 2014 1961 2068 baronem
2001 2030 2101 2083 per
2124 2012 2387 2068 comitem
2414 2013 2764 2069 Lancastriae
2788 2014 3090 2067 Thomam.
3164 2013 3254 2066 Eo

690 2110 941 2170 tempore
981 2118 1093 2171 quo
1136 2101 1417 2156 discordia
1460 2100 1692 2157 increvit
1731 2101 1875 2156 inter
1913 2101 2204 2156 dominum
2249 2118 2412 2156 suum
2455 2101 2738 2156 Thomam
2779 2110 2835 2156 et
2878 2117 3088 2170 regem,
3130 2098 3254 2169 ipse

692 2187 976 2243 Robertus
999 2188 1247 2256 Holand,
1269 2189 1325 2243 in
1351 2206 1572 2244 summa
1595 2188 1933 2245 necessitate
1952 2188 2165 2243 domini
2193 2188 2295 2256 sui,
2317 2189 2545 2260 quando
2564 2189 2827 2244 dominus
2852 2206 2986 2244 suus
3011 2186 3253 2242 maxime

689 2275 1008 2330 confidebat
1042 2276 1113 2331 de
1140 2276 1263 2345 ejus
1298 2276 1544 2331 adventu
1581 2292 1711 2331 cum
1747 2275 1954 2331 auxilio
1992 2276 2183 2347 populi
2222 2276 2517 2347 promisso,
2555 2277 2749 2332 relicto
2786 2275 3018 2331 domino
3056 2292 3157 2330 suo
3194 2274 3251 2328 in

691 2379 794 2417 sua
836 2362 1098 2433 angustia
1135 2363 1459 2430 inevitabili,
1497 2362 1740 2419 reddidit
1785 2381 1845 2419 se
1889 2364 2024 2433 regi,
2063 2362 2353 2435 decipiens
2391 2364 2681 2419 dominum
2716 2380 2919 2430 suum;
2968 2378 3141 2435 quam
3177 2361 3251 2417 ob

690 2451 1075 2508 infidelitatem
1111 2469 1309 2508 omnes
1345 2469 1605 2523 proceres
1639 2463 1694 2508 et
1734 2462 2024 2522 magnates
2064 2453 2219 2522 regni
2263 2452 2396 2508 odio
2438 2470 2570 2509 eum
2619 2453 2921 2513 habebant.
2995 2452 3072 2506 Et
3120 2466 3251 2505 cum

690 2538 935 2594 maximo
971 2539 1247 2610 vituperio
1284 2549 1450 2610 caput
1486 2539 1609 2610 ejus
1643 2541 1959 2596 abscissum
1997 2549 2103 2609 est,
2142 2540 2216 2595 ad
2254 2538 2516 2596 comitem
2554 2538 2899 2595 Lancastriae
2940 2537 3251 2594 Henricum

689 2628 843 2697 apud
868 2628 1158 2682 Waltham
1199 2627 1392 2683 Sancti
1432 2627 1629 2683 Crucis
1666 2627 2063 2683 transmissum
2101 2638 2188 2683 est
2224 2645 2324 2699 per
2361 2627 2647 2698 quendam
2686 2626 2940 2694 militem,
2964 2628 3250 2681 Thomam

689 2715 927 2784 Wyther
965 2714 1209 2780 nomine,
1234 2725 1289 2771 et
1327 2715 1469 2770 alios
1506 2727 1752 2771 secretos
1777 2716 2016 2770 Thomae
2053 2715 2280 2771 comitis
2309 2715 2671 2771 Lancastriae.
2742 2715 2914 2786 Apud
2943 2713 3250 2781 Salusbury

690 2803 885 2873 regina
931 2804 1172 2859 Isabella
1218 2814 1274 2860 et
1320 2805 1575 2873 Rogerus
1623 2804 1694 2858 de
1747 2805 1974 2858 Mortuo
2022 2803 2166 2858 mari
2213 2803 2465 2859 fecerunt
2516 2820 2690 2858 novos
2738 2802 2991 2870 comites,
3038 2800 3250 2857 scilicet

686 2893 1003 2962 johannem
1030 2892 1099 2947 de
1127 2891 1358 2946 Eltham
1383 2892 1649 2946 comitem
1676 2890 1993 2959 Cornubiae,
2020 2892 2309 2958 Rogerum
2335 2891 2406 2947 de
2436 2893 2664 2947 Mortuo
2702 2890 2842 2946 mari
2877 2888 3141 2945 comitem
3180 2889 3253 2943 de

693 2978 968 3046 Mai-chia,
1021 2979 1390 3034 Edmundum
1453 2981 1681 3035 Botoler
1741 2979 2006 3034 comitem
2068 2979 2143 3034 de
2192 2979 2470 3045 Ormund,
2520 2977 2612 3049 qui
2673 2995 2891 3045 omnes,
2942 2994 3072 3033 cum
3134 2977 3250 3032 suis

688 3062 1124 3128 adhaerentibus,
1150 3073 1629 3132 congregaverunt
1664 3079 1932 3132 magnum
1971 3061 2283 3117 exercitum
2313 3061 2388 3117 ad
2430 3061 2729 3117 Isabellam
2766 3060 3020 3130 reginam
3057 3069 3251 3115 contra

689 3150 954 3206 comitem
981 3150 1320 3206 Lancastriae
1350 3150 1657 3205 Henricum
1679 3160 1737 3206 et
1761 3151 1903 3205 alios
1929 3160 2224 3220 magnates
2250 3150 2320 3206 de
2340 3166 2530 3219 regne,
2551 3148 2644 3220 qui
2668 3166 2783 3203 non
2810 3148 3030 3203 fuerant
3054 3164 3250 3203 eorum

689 3237 914 3293 nefariis
957 3237 1221 3308 operibus
1257 3239 1688 3294 consentientes.
1761 3240 1837 3293 Et
1885 3237 2277 3308 equitaverunt
2316 3237 2525 3292 viribus
2562 3246 2618 3292 et
2653 3235 2826 3292 armis
2869 3252 3037 3305 super
3072 3245 3249 3289 terras

690 3326 827 3381 dicti
878 3324 1116 3392 comitis,
1165 3335 1221 3381 et
1269 3336 1540 3381 venerunt
1597 3325 1975 3394 Leycestriam
2037 3342 2168 3380 cum
2222 3341 2429 3395 magno
2477 3323 2722 3380 exercitu
2772 3322 3138 3391 Anglicorum
3193 3332 3251 3377 et

690 3415 1092 3480 Wallanorum,
1127 3411 1307 3483 pridie
1345 3429 1525 3467 nonas
1556 3412 1842 3484 Januarii;
1880 3423 1937 3468 et
1972 3413 2334 3468 morabantur
2366 3411 2423 3466 in
2458 3410 2780 3481 Leycestria
2821 3418 2879 3465 et
2917 3408 2975 3464 in
3017 3408 3250 3463 circum·

683 3501 909 3572 jacente
948 3500 1130 3571 patria
1168 3511 1297 3555 octo
1339 3499 1556 3566 diebus,
1595 3511 1651 3556 et
1689 3499 2066 3570 spoliaverunt
2106 3499 2354 3571 undique
2393 3497 2635 3570 patriam
2669 3508 2726 3553 et
2767 3498 2992 3562 boscos,
3030 3513 3251 3566 parcos,

689 3589 899 3656 vineas,
924 3600 1141 3657 stagna,
1168 3587 1432 3659 piscinas,
1457 3598 1513 3643 et
1540 3605 1731 3643 secum
1765 3588 2117 3643 abduxerunt
2142 3586 2406 3658 quicquid
2434 3584 2752 3656 preciosum
2776 3594 2875 3640 aut
2898 3583 3008 3638 vile
3047 3600 3248 3637 manus

688 3694 882 3732 eorum
908 3676 1157 3731 invenire
1183 3686 1495 3747 potuerant,
1520 3693 1732 3743 aurum,
1760 3685 2072 3745 argentum,
2101 3675 2289 3743 blada,
2316 3672 2593 3742 utensilia,
2619 3672 2892 3741 lectualia,
2918 3670 3249 3737 mensualia,

689 3781 867 3833 arma,
910 3763 1259 3828 vestimenta,
1303 3763 1514 3819 bestias
1565 3764 1711 3818 seras
1752 3774 1809 3819 et
1855 3762 2213 3830 domesticaS,
2257 3779 2392 3817 oves
2429 3772 2486 3817 et
2530 3761 2721 3826 boves,
2758 3776 2947 3826 aucas,
2991 3758 3248 3829 gallinas,

689 3865 747 3908 et
774 3862 1103 3908 ornamenta
1127 3851 1525 3919 ecclesiastica,
1551 3851 1687 3906 nihil
1715 3851 1771 3906 in
1795 3849 2048 3907 ecclesiis
2074 3850 2363 3906 inventum
2390 3849 2475 3904 vel
2514 3847 2646 3903 alibi
2685 3847 3069 3918 relinquendo,
3094 3863 3163 3900 ac
3201 3847 3245 3901 si

689 3950 841 3996 esset
891 3940 947 3994 in
995 3949 1248 4010 tempore
1295 3956 1511 4009 guerrae
1549 3939 1694 3995 inter
1742 3956 1933 4008 regna.
2007 3940 2084 3993 Et
2133 3939 2243 3993 hoc
2290 3947 2469 3993 totum
2521 3936 2578 3992 in
2624 3935 2988 4006 opprobrium
3026 3934 3247 3991 comitis

691 4026 1054 4094 Lancastriae,
1091 4026 1185 4098 qui
1234 4039 1366 4083 tunc
1402 4028 1579 4083 suerat
1621 4026 1676 4081 in
1715 4027 1993 4082 veniendo
2033 4027 2107 4081 de
2145 4025 2393 4096 partibus
2435 4024 2767 4080 australibus
2805 4039 2934 4079 cum
2971 4033 3247 4093 potestate

688 4133 915 4185 magna,
940 4117 1133 4171 volens
1169 4114 1253 4170 eis
1290 4115 1568 4185 obviasse,
1606 4115 1824 4170 habens
1862 4114 1917 4168 in
1956 4114 2225 4169 comitatu
2265 4129 2366 4167 suo
2405 4122 2694 4181 magnates
2734 4110 2827 4181 qui
2864 4110 3080 4165 fuerant
3116 4125 3247 4163 cum

690 4203 916 4259 Thoma
965 4203 1169 4258 comite
1213 4202 1573 4270 Lancastriae,
1619 4201 1829 4257 scilicet
1874 4201 2137 4256 comitem
2190 4198 2465 4264 Marchiae
2511 4200 2629 4267 (sic,
2670 4201 2764 4253 tle.
2808 4196 3246 4265 Marescallum),

1859 4301 1893 4343 r
1918 4290 1946 4344 s
