4154 4895
1236 318 1348 373 LE
1390 318 1683 373 BAKER
1725 317 1847 372 DE
1888 317 2510 375 SWYNEBROKE.
3137 325 3216 394 51

687 518 892 584 Anno
924 518 1199 585 Domini
1244 519 1593 585 millesimo
1625 524 1853 583 CCC¹¹²⁰.
1886 517 2175 601 xxxiij⁰.,
2205 528 2272 583 et
2301 540 2475 584 anno
2500 518 2671 603 regis
2703 519 3016 586 Edwardi
3040 518 3225 585 tercii
3258 536 3402 587 Am.
3414 537 3590 588 18⁸8.

514 633 698 713 vu⁰.¹,
742 635 1066 719 siquidem
1115 637 1180 701 in
1227 636 1394 701 sesto
1438 646 1663 701 sancte
1706 634 1975 718 virginis
2021 635 2417 718 Margarete,
2464 636 2551 700 de
2603 646 2750 701 tota
2789 634 3022 703 Scocia
3065 657 3222 703 con·
3258 665 3465 716 Bellum

512 768 789 842 gregata
808 758 1102 824 maxima
1128 757 1503 836 multitudo,
1527 757 1941 822 obsidionem
1971 756 2027 821 si
2057 746 2381 841 potuisset
2413 767 2764 837 remotura,
2788 758 2854 821 in
2877 768 3010 823 tres
3031 779 3223 823 exer·
3257 731 3548 849 fffssl·

515 879 681 944 citus
709 879 939 957 divisa,
977 881 1149 963 regis
1184 879 1548 944 exercitum
1581 879 1666 943 ad
1699 877 2113 963 preliandum
2151 878 2550 962 provocavit,
2582 878 3020 943 convencione
3049 878 3225 945 facta

517 998 685 1064 inter
714 1011 935 1085 partes
965 1002 1273 1066 adversas
1304 1001 1505 1083 quod,
1540 1000 1597 1065 si
1640 998 1826 1064 Scoti
1862 998 2115 1064 obsessi
2152 998 2568 1084 potuissent²
2612 999 2726 1065 illo
2764 1000 2871 1065 die
2909 1001 2998 1066 ab
3027 1009 3222 1065 extra
3259 1004 3370 1057 The
3392 1004 3536 1056 Seots

518 1120 807 1206 recipere
848 1122 1175 1196 victualia,
1213 1123 1278 1185 in
1343 1143 1463 1187 sua
1522 1091 1881 1187 rebellione
1939 1130 2419 1204 permanerent,
2476 1121 2534 1187 si
2604 1143 2762 1187 vero
2830 1120 3224 1187 victualibus
3259 1079 3549 1188 mptum

515 1242 899 1309 adventiciis
935 1264 1065 1308 non
1107 1241 1616 1319 consolarentur,
1648 1251 1801 1326 post
1833 1242 2009 1307 diem
2053 1216 2462 1307 transactum
2495 1242 2632 1327 regi
2678 1241 2926 1326 Anglie
2955 1241 3113 1307 villa
3152 1250 3219 1307 et
3254 1209 3413 1322 π’
3436 1202 3527 1252 bnt

515 1371 802 1427 castrum
827 1364 1267 1428 redderentur.
1334 1362 1737 1428 Ordinantur
1767 1362 2041 1447 proinde
2068 1362 2531 1445 quadringenti
2555 1363 2795 1427 armati
2819 1382 2971 1427 cum
3003 1362 3222 1446 parvis

515 1484 795 1567 panibus
858 1483 976 1549 eiis
1025 1481 1349 1560 baiulatis,
1394 1483 1510 1565 qui
1567 1480 1942 1567 Anglorum
1988 1484 2355 1548 exercitum
2406 1504 2447 1548 a
2498 1481 2705 1547 latere
2749 1482 3089 1548 circuirent
3150 1492 3222 1547 et

515 1623 717 1687 panes
772 1624 943 1687 quos
1004 1602 1339 1668 habebant
1386 1603 1752 1687 proicerent
1806 1603 1969 1668 infra
2032 1624 2274 1681 muros,
2321 1613 2397 1668 ut
2446 1603 2667 1668 saltim
2721 1602 3010 1668 sofistice
3061 1601 3221 1668 villa

513 1723 905 1789 victualibus
962 1723 1198 1789 referta
1256 1725 1670 1800 crederetur3
1729 1734 1834 1790 set
1892 1724 2183 1789 ordinati
2249 1724 2337 1789 ad
2398 1723 2621 1790 taliter
2677 1723 2905 1789 villam
2965 1733 3223 1788 restau-

516 1846 793 1909 randum
831 1864 950 1929 per
979 1845 1328 1910 continuos
1357 1846 1733 1911 obsessores
1762 1854 1829 1911 et
1862 1844 2010 1910 illos
2039 1846 2127 1910 de
2162 1844 2511 1930 posteriori
2549 1845 2850 1911 custodia
2890 1845 3220 1909 exercitus

518 1965 775 2030 suerunt
806 1965 1116 2030 trucidati
1154 1975 1223 2030 et
1252 1986 1294 2031 a
1324 1966 1608 2050 panibus
1649 1964 1925 2031 eorum³
1958 1965 2249 2050 spoliati.
2339 1964 2608 2030 Divisus
2650 1974 2751 2029 est
2792 1965 2880 2029 ab
2911 1963 3217 2048 Anglicis

515 2106 671 2150 suus
728 2085 1074 2164 exercitus,
1131 2096 1325 2170 parte
1376 2086 1706 2152 obsidioni
1762 2087 2205 2151 continuande
2268 2087 2607 2170 deputata,
2666 2084 2798 2150 alia
2856 2085 3094 2149 iterum
3154 2084 3222 2151 in

517 2217 765 2272 turmas
810 2207 1037 2284 divisa,
1084 2208 1172 2272 ad
1233 2207 1637 2273 obviandum
1699 2206 1923 2274 Scotis
1981 2207 2591 2292 supervenientibus
2651 2216 3020 2291 preparata.
3112 2205 3218 2269 Ibi

516 2327 743 2393 didicit
803 2349 846 2393 a
907 2327 1124 2393 Scotis
1187 2327 1565 2412 Anglorum
1615 2328 2020 2413 generositas
2079 2327 2455 2394 dextrarios
2503 2348 2830 2392 reservare
2879 2325 3222 2395 venacioni

516 2447 928 2533 fugiencium,
963 2459 1048 2526 et,
1072 2460 1299 2515 contra
1329 2451 1749 2534 antiquatum
1784 2471 2035 2515 morem
2065 2471 2334 2515 suorum
2365 2459 2649 2535 patrum,
2672 2450 2878 2535 pedes
2901 2470 3220 2534 pugnare.

517 2569 594 2633 In
643 2569 965 2653 principio
1013 2570 1389 2635 certaminis
1447 2571 1862 2636 exercituum
1920 2592 2118 2654 super
2173 2570 2508 2636 Halidone
2567 2569 2809 2648 Heol⁴,
2868 2569 3215 2635 obviorum
3258 2572 3553 2626 AScottish

515 2690 787 2774 quidam
824 2689 1088 2756 satelles
1128 2712 1366 2775 magne
1401 2702 1651 2757 stature
1695 2702 1763 2758 et
1810 2701 1882 2757 ut
1922 2690 2088 2757 alter
2126 2690 2374 2769 GoliaS,
2410 2692 2475 2755 in
2514 2712 2755 2775 magna
2794 2691 3037 2756 virtute
3071 2711 3218 2756 cor-
3257 2639 3528 2756 fflpgou

515 2810 726 2895 porali
759 2811 1074 2876 maiorem
1098 2833 1302 2895 quam
1332 2812 1398 2876 in
1430 2813 1581 2877 Deo
1609 2812 1860 2878 habens
1891 2811 2386 2889 confidenciam,
2412 2812 2666 2877 medius
2698 2812 2864 2876 inter
2892 2811 3220 2878 exercitus
3257 2770 3475 2888 2¹0?ss

521 2932 910 3010 consistenS,
956 2932 1255 3015 singulos
1315 2932 1645 3015 Anglicos
1704 2933 1791 2998 ad
1854 2932 2392 2997 monomachiam
2454 2933 2885 3015 provocavit3
2952 2932 3069 3015 qui
3128 2932 3220 2997 ab

522 3050 762 3116 effectu
823 3056 839 3084 ‘
863 3051 1070 3115 Tauri
1137 3052 1397 3131 versor,’
1459 3053 1747 3137 Anglice
1820 3058 1835 3087 ‘
1857 3052 2240 3117 Turnebole
2264 3052 2297 3131 ,'
2370 3051 2747 3118 vocabatur.
2861 3052 2922 3116 E
2983 3061 3226 3120 contra

518 3171 834 3236 dominus
882 3171 1219 3236 Robertus
1263 3173 1349 3236 de
1378 3172 1635 3238 Venale
1655 3172 1699 3252 ὅ,
1732 3172 1921 3237 miles
1967 3173 2240 3256 quidam
2291 3171 2894 3237 Northfolchiensis
2914 3172 2957 3252 ⁶,
3002 3173 3214 3256 petita

520 3291 1034 3376 genuflectendo
1064 3292 1239 3375 regis
1282 3292 1775 3372 benediccione,
1806 3313 1955 3357 cum
1994 3293 2222 3378 gladio
2253 3302 2321 3358 et
2350 3292 2529 3376 pelte
2572 3291 2914 3376 gigantem
2952 3312 3220 3377 aggres-

518 3431 650 3491 suS,
678 3412 1022 3477 cuiusdam
1056 3412 1229 3496 nigri
1261 3413 1518 3491 molosi,
1550 3415 1663 3498 qui
1696 3414 2147 3480 adversarium
2189 3412 2636 3478 comitabatur
2674 3424 2741 3478 et
2773 3413 2991 3496 ipsum
3026 3413 3211 3491 iuvit,

525 3532 976 3616 rapidissime⁷
1018 3533 1245 3616 gladio
1277 3535 1555 3616 precidit
1590 3534 1855 3599 lumbos
1892 3555 1933 3599 a
1962 3535 2163 3599 dorso
2193 3533 2572 3599 dividendo,
2666 3532 2906 3599 Acrius
2937 3533 3218 3617 proinde

522 3662 626 3717 set
657 3652 1005 3717 vecordius
1051 3653 1309 3719 instetit
1353 3643 1552 3718 occisi
1604 3656 1791 3719 canis
1840 3656 2173 3741 magister,
2203 3655 2389 3720 cuius
2430 3674 2728 3739 pugnum
2775 3653 3114 3719 sinistrum
3151 3665 3220 3720 et
3260 3668 3441 3722 Μαι
3467 3670 3530 3720 os

525 3781 762 3857 postea
791 3773 1007 3857 capud
1047 3774 1422 3858 amputavit
1454 3776 1667 3844 miles.
1755 3776 2094 3843 Continuo
2124 3776 2644 3859 congrediuntur
2672 3784 2894 3858 partes
2925 3775 3218 3854 adverse,
3256 3734 3564 3854 gensffigm

523 3915 681 3978 rege
725 3893 1106 3979 Anglorum
1154 3916 1310 3960 suos
1345 3897 1683 3979 sapienter
1722 3906 1926 3981 atque
1961 3897 2224 3964 decenti
2272 3897 2602 3962 hilaritate
2642 3894 3078 3976 confortante,
3114 3907 3216 3962 set
3257 3865 3392 3930 Hm’

587 4104 605 4137 ¹
642 4106 821 4162 Anno
845 4147 861 4163 .
886 4146 900 4162 .
927 4147 942 4163 .
965 4106 1126 4181 th’J
1161 4110 1331 4165 Anno
1362 4123 1383 4165 ι
1392 4124 1515 4180 333,
1538 4110 1686 4182 regis
1710 4124 1776 4180 73
1813 4112 1879 4167 in
1903 4112 2152 4185 margin.
2191 4113 2259 4166 B.
2398 4107 2422 4143 ⁸
2456 4109 2563 4165 obs.
2575 4106 2724 4182 poa]
2749 4107 3090 4180 transposed-
3129 4110 3197 4165 B.

588 4192 610 4223 ⁸
646 4208 756 4249 om.
796 4196 860 4251 C.
1282 4195 1306 4228 ⁴
1348 4199 1602 4256 Halieion
1638 4200 1802 4258 Heel.
1843 4201 1908 4255 C.
2334 4195 2359 4230 ⁸
2393 4197 2656 4254 dominus
2680 4198 2752 4255 de
2777 4197 3046 4254 Benhale.
3081 4198 3148 4254 C.

589 4280 610 4310 ⁸
646 4282 718 4339 de
744 4283 799 4337 N
804 4283 1274 4341 orthsolchiensis.
1313 4287 1379 4341 B.
1876 4284 1901 4318 '
1934 4288 2094 4343 iuvit
2113 4283 2327 4359 rapam]
2353 4286 2698 4358 transposed„
2736 4287 2804 4342 B.

1826 4407 1946 4457 ΗΖ
