4154 4895
956 238 1073 284 ΗΟ
1833 227 2323 284 CHRONICON
2363 227 2774 283 GALFRJD!

601 446 906 495 amasso.
944 438 1010 491 et
1043 425 1209 491 alios
1240 426 1516 490 barones
1541 437 1740 508 atque
1767 424 2023 501 milites,
2045 446 2198 490 cum
2229 446 2457 490 eorum
2485 422 2772 510 precise¹
2805 424 3072 491 secretis
3100 426 3656 492 commensalibus

663 576 705 624 ι,
729 578 849 625 1³0,
944 560 1010 613 et
1084 547 1457 631 sagittariis,
1579 546 1878 630 Denique
1927 547 1989 611 in
2041 545 2210 612 foeto'
2278 545 2760 612 Decollacionis
2823 547 3030 612 sancti
3102 545 3430 621 lobannis,
3482 547 3656 613 circa

598 654 873 772 &tend
947 668 1177 735 boram
1230 689 1667 753 vesperarum,
1714 667 1953 735 classes
1996 668 2413 745 colliserunt3
2464 668 2573 733 ubi
2623 688 2860 751 magne
2903 668 3141 732 buscee
3183 666 3592 751 Ispanienses
3609 666 3655 743 ¹.

597 788 894 902 {imvm
947 790 1133 874 quasi
1187 802 1403 855 castra
1452 788 1725 863 casellis,
1784 790 1873 853 ita
1928 789 2167 853 nostris
2213 788 2488 853 liburnis
2543 790 2663 853 et⁸
2727 789 3004 854 navibus
3056 788 3652 873 supereminebant.

652 868 731 918 ng.
950 912 1113 977 Dire
1167 923 1427 976 nostros
1471 910 2040 994 aggrediebantur,
2076 910 2260 974 saxis
2295 910 2708 975 evolantibus
2752 931 2792 974 a
2845 909 3172 975 turriculis
3217 909 3542 975 malorum
3587 922 3654 974 et

950 1033 1099 1117 pilis
1134 1031 1544 1097 vibrantibus
1582 1043 1782 1114 atque
1818 1031 2125 1114 quarellis
2160 1031 2397 1096 acriter
2439 1043 2505 1096 et
2550 1031 2778 1097 crebro
2814 1043 3075 1095 nostros
3105 1031 3506 1105 wlnerantes,
3536 1050 3654 1096 nec

952 1153 1167 1219 minus
1222 1152 1461 1219 lanceis
1509 1164 1575 1217 et
1634 1152 1841 1236 spatis
1885 1152 2186 1220 cominus
2247 1152 2626 1217 dimicando
2677 1163 2742 1216 et
2791 1171 2941 1218 cum
2991 1152 3264 1218 classica
3321 1164 3656 1217 armatura

950 1275 1199 1359 seipsos
1237 1273 1501 1338 viriliter
1544 1273 1973 1339 defendendo.
2068 1271 2520 1357 Exasperatur
2560 1273 2742 1336 dirus
2785 1293 3171 1355 congressus
3192 1270 3237 1349 ⁴,
3271 1292 3407 1356 quo
3446 1272 3652 1337 nostri

954 1396 1235 1460 multum
1269 1394 1695 1459 teribiliorem
1728 1414 1857 1459 non
1894 1393 2148 1458 fuerant
2180 1394 2458 1477 experti.
2550 1391 2994 1457 Terebrarunt
3025 1394 3294 1459 tandem
3331 1394 3654 1477 sagittarii

952 1516 1227 1599 longiori
1290 1516 1463 1582 iactu
1524 1515 1913 1599 sagittarum
1977 1515 2239 1579 illorum
2300 1512 2674 1579 balistarios
2725 1514 2836 1596 qui
2889 1514 3138 1580 curtius
3185 1515 3310 1577 illis
3370 1515 3656 1580 iecerunt

953 1636 1297 1721 quarellas,
1355 1648 1421 1701 et
1479 1638 1568 1701 ita
1620 1635 2080 1721 compulerunt
2144 1634 2289 1699 illos
2342 1635 2628 1700 officium
2682 1656 2873 1699 suum
2927 1647 3351 1718 sequestrare.
3461 1634 3658 1699 Alios

952 1761 1161 1825 eciam
1222 1779 1417 1842 super
1477 1778 1627 1822 oras
1687 1758 2073 1822 buscearum
2140 1768 2208 1821 et
2272 1754 2535 1822 castra⁸
2605 1755 2904 1821 cominus
2962 1756 3354 1822 dimicantes
3414 1757 3660 1821 tabulis

955 1880 1219 1945 navium
1252 1900 1323 1942 se
1360 1890 1703 1963 protegere
1744 1878 2003 1942 votivos
2040 1877 2486 1942 reddiderunt.
2580 1875 2758 1953 Illos,
2803 1889 3098 1959 preterea
3128 1877 3241 1961 qui
3287 1898 3326 1941 e
3370 1878 3660 1941 turribus

952 2021 1123 2066 saxa
1188 1999 1643 2075 fulminabant,
1707 2012 2065 2081 coegerunt
2123 2018 2196 2063 se
2260 2009 2441 2063 totos
2501 1999 2593 2063 ita
2655 2009 2997 2082 protegere
3056 2000 3236 2080 quod
3297 1999 3517 2083 capita
3591 2012 3658 2062 et

958 2121 1271 2185 humeros
1320 2141 1501 2185 more
1546 2120 1744 2184 solito
1775 2120 2091 2184 exerere⁶
2122 2139 2253 2184 non
2291 2120 2430 2184 ausi
2451 2117 2497 2196 ⁷,
2525 2118 2684 2183 solis
2718 2119 3020 2183 manibus
3054 2120 3285 2185 erectis
3324 2131 3423 2184 set
3455 2140 3584 2183 non
3620 2141 3662 2183 a

952 2243 1347 2325 sagittarum
1385 2241 1524 2307 acie
1554 2241 1815 2317 securis,
1844 2261 2011 2305 saxa
2057 2260 2189 2304 non
2222 2240 2354 2304 iarn
2397 2241 2806 2325 proiecerunt
2847 2252 2947 2305 set
2987 2240 3376 2305 dimiserunt
3407 2241 3662 2315 cadere,

956 2365 1185 2450 pocius
1236 2364 1300 2426 in
1357 2362 1704 2447 perniciem
1766 2361 2083 2426 suorum⁸
2142 2381 2344 2445 quam
2406 2374 2776 2426 nostrorum
2839 2361 3106 2426 ruitura.
3197 2361 3386 2426 Tunc
3449 2362 3666 2426 scalas

913 2486 1288 2564 .consccnsi
1342 2484 1545 2549 nostri
1596 2484 1659 2548 in
1696 2484 1981 2568 esperias
2026 2504 2225 2548 naves
2265 2483 2606 2558 irruerunt,
2654 2483 2894 2568 gladiis
2937 2493 3003 2548 et
3047 2483 3384 2548 securibus
3427 2483 3664 2548 obvios

956 2617 1351 2680 truncantes»,
1410 2617 1475 2669 et
1538 2606 1601 2669 in
1665 2604 1842 2669 brevi
1892 2625 2049 2668 vasa
2111 2604 2304 2688 plena
2363 2602 2657 2688 Ispanis⁰
2701 2604 3091 2678 vacuabant,
3135 2615 3339 2687 atque
3383 2619 3664 2668 vacuata

959 2726 1298 2812 replebant
1324 2726 1642 2809 Anglicis,
1666 2747 2008 2809 quousque
2045 2726 2257 2790 noctis
2281 2725 2496 2788 invide
2527 2725 2811 2789 tenebris
2840 2723 3158 2809 superfusi
3192 2744 3321 2788 non
3355 2737 3660 2808 poterant

957 2849 1178 2913 videre
1222 2860 1472 2914 ceteras
1522 2846 1733 2930 xxvij.
1829 2846 1930 2910 Ibi
1976 2847 2250 2910 vidisses
2294 2845 2611 2930 sanguine
2654 2857 2719 2910 et
2769 2846 3040 2912 cerebro
3088 2866 3287 2910 naves
3333 2845 3544 2930 pictas
3571 2844 3664 2918 ¹⁹3

957 2970 1236 3054 sagittas
1280 2969 1343 3034 in
1392 2968 1600 3044 maliS‚
1632 2968 1809 3044 velis,
1842 2968 2218 3033 temonibus
2256 2979 2322 3032 et
2366 2967 2595 3033 castris
2633 2965 2916 3040 infixam
2973 2968 3060 3030 de
3096 2965 3444 3031 wineribus
3491 2986 3668 3030 mor-

958 3103 1221 3156 tuorum
1262 3090 1638 3173 sagittarios
1680 3089 1959 3174 sagittas
2005 3089 2404 3170 colligentes,
2448 3101 2514 3151 et
2564 3087 2923 3171 imprecari,
2957 3099 3054 3151 set
3102 3086 3446 3160 incassum,
3491 3107 3668 3152 cras·

960 3212 1169 3277 tinum
1231 3210 1475 3276 bellum
1529 3206 2072 3274 renovandum¹¹.
2181 3208 2603 3274 Ancorarunt
2658 3208 2884 3282 nostri,
2927 3210 3014 3272 de
3065 3207 3274 3292 prelio
3297 3204 3349 3244 ¹¹
3403 3221 3666 3292 sperato

958 3335 1343 3416 cogitantes.
1374 3346 1439 3396 et
1466 3331 1515 3369 ¹³
1562 3333 1649 3395 nil
1701 3330 1893 3395 fuisse
1946 3331 2190 3396 factum
2231 3332 2394 3394 dum
2447 3329 2697 3413 aliquid
2743 3327 3060 3413 superfuit
3109 3329 3477 3393 faciendum
3509 3329 3668 3390 esti·

964 3452 1313 3530 mantes¹⁴,
1346 3455 1691 3518 wlneratos
1735 3468 2038 3518 curantes
2079 3452 2324 3536 inopeS,
2366 3450 2641 3535 Ispanos
2666 3447 2718 3487 ¹³
2767 3463 3062 3514 mortuos
3105 3462 3172 3513 et
3223 3448 3568 3532 languidos
3601 3450 3666 3512 in

962 3575 1123 3640 mari
1158 3574 1563 3660 proicientes
1587 3574 1737 3639 cibo
1768 3585 1832 3637 et
1865 3573 2084 3657 sopori
2119 3593 2188 3636 se
2221 3584 2598 3645 recreantes,
2624 3591 2739 3635 nec
2767 3570 2980 3634 minus
3005 3568 3268 3652 vigilem
3293 3571 3664 3634 custodiam

962 3696 1234 3761 armatis
1269 3695 1571 3759 manibus
1601 3695 2114 3760 committentes,
2209 3688 2362 3757 Post
2397 3692 2606 3758 noctis
2637 3691 2971 3755 silencium
3011 3711 3248 3755 aurora
3281 3691 3668 3774 prodeunte.

1034 3929 1049 3962 ¹
1090 3931 1303 4002 precise
1329 3949 1457 3986 cum
1484 3948 1694 3987 eorum.
1735 3931 1799 3986 C.
2087 3929 2108 3960 ⁹
2145 3929 2522 3998 Yspanenses.
2562 3929 2626 3982 C.
2927 3922 2949 3956 ⁸
2985 3925 3080 3980 lib.
3103 3921 3183 3996 et]
3206 3943 3314 3979 ou.
3355 3925 3420 3980 Β.

1034 4017 1055 4048 ⁸
1090 4037 1404 4088 aggressus.
1443 4021 1509 4076 C.
1721 4016 1745 4048 ⁸
1778 4025 1836 4073 e!
1855 4017 2067 4088 castra]
2097 4034 2203 4072 om.
2243 4018 2308 4073 C.
2485 4013 2507 4046 ⁸
2543 4030 2847 4070 excercere.
2886 4015 2952 4071 C.
3135 4009 3158 4042 ¹
3193 4025 3322 4068 sunt
3348 4011 3492 4067 ansi.
3531 4011 3596 4066 C.

1033 4103 1054 4134 ⁶
1090 4107 1354 4177 ipsorum.
1393 4107 1457 4162 C.
1601 4105 1623 4138 ⁸
1662 4105 1963 4176 Yspannis.
2002 4107 2066 4162 C.
2213 4103 2255 4136 ¹⁶
2290 4103 2468 4175 pictas
2492 4103 2772 4158 demiono.
2815 4103 2876 4156 B.
3057 4099 3093 4132 ¹¹
3131 4098 3528 4156 remeandum
3567 4099 3634 4154 C.

1037 4190 1079 4225 ¹³
1118 4194 1280 4249 bello.
1322 4197 1388 4251 C.
1572 4191 1611 4226 ⁸⁸
1648 4211 1755 4248 om.
1798 4195 1861 4250 B.
2042 4193 2082 4224 ¹⁸
2103 4193 2224 4264 sac.
2251 4191 2370 4260 est.)
2399 4192 2470 4246 ad
2501 4189 2835 4246 faciendum.
2875 4191 2940 4244 C.
3137 4185 3176 4218 ⁸⁸
3248 4188 3564 4258 upum
3603 4189 3670 4242 C.
