4154 4895
1229 294 1341 349 LE
1399 293 1691 348 BAKER
1746 292 1870 347 DE
1926 291 2543 350 SWYNEBROKE.
3154 304 3237 372 37

536 497 880 581 Philippus
928 492 1156 579 genuit
1208 504 1342 559 tres
1394 493 1585 570 filios,
1631 494 1880 559 scilicet
1934 492 2374 558 Ludowicum·
2421 514 2643 577 regem
2699 491 3037 573 Navarrie,
3085 492 3241 559 Phi·
3281 526 3422 576 Am).
3436 528 3593 581 1s27.

536 617 793 702 lippum
832 616 1142 682 comitem
1183 615 1490 693 Pictavie‚
1521 625 1588 680 et
1627 614 1976 688 Karolum,
2017 615 2328 680 comitem
2354 616 2695 698 quondam
2729 615 3028 680 Marchie
3049 615 3240 681 iuxta
3282 655 3499 708 Bw,
3521 655 3580 707 of

534 738 955 815 Vasconiam‚
994 748 1095 802 set
1142 736 1719 820 impresenciarum
1765 756 1988 819 regem
2032 735 2326 814 Francie,
2367 746 2433 800 et
2476 736 2739 819 insuper
2774 757 2973 801 unam
3013 736 3240 814 filiam,
3281 721 3564 839 ffieFffi.

532 859 784 924 scilicet
826 857 1198 936 Isabellam,
1235 859 1320 922 de
1363 878 1495 940 qua
1540 857 1791 922 dictum
1836 866 1956 934 est,
2002 856 2297 939 reginam
2337 856 2604 941 Anglie,
2651 857 2834 922 cuius
2880 858 3054 922 filius
3099 868 3243 924 erat

538 976 648 1043 ille
714 978 1040 1062 gloriosus
1108 998 1229 1041 rex
1290 976 1810 1060 magnificusque
1874 976 2338 1060 triumphator,
2386 977 2758 1042 Edwardus
2816 979 3058 1043 tercius
3120 1000 3241 1043 rex
3335 993 3375 1041 f.
3398 988 3550 1043 108⁵.

535 1098 801 1183 Anglie.
891 1098 1182 1163 Karolus
1212 1118 1368 1162 vero
1409 1099 1493 1163 de
1521 1097 1791 1162 Valesio
1822 1097 2113 1181 prefatus
2150 1097 2374 1180 genuit
2420 1097 2800 1181 Philippum
2831 1101 2916 1164 de
2950 1098 3241 1177 Valesi0,

537 1228 794 1302 patrem
857 1217 1187 1294 Iohannis,
1241 1218 1326 1282 de
1385 1217 1625 1301 quibus
1686 1217 1852 1281 infra
1915 1216 2186 1282 dicetur.
2279 1216 2437 1282 Post
2496 1228 2780 1283 mortem
2836 1218 3122 1303 Philippi
3180 1219 3244 1284 le

539 1338 750 1417 Beals,
783 1340 953 1423 regis
999 1339 1291 1414 Francie‚
1333 1360 1489 1403 suus
1534 1337 1708 1402 filius
1754 1338 2150 1404 Ludowicus
2192 1339 2473 1422 adeptus
2516 1349 2865 1422 paternum
2911 1341 3241 1415 diadema,

536 1459 814 1526 concilio
873 1459 1090 1544 patrui
1154 1459 1255 1523 sui
1317 1457 1555 1524 Karoli
1615 1459 1979 1537 instinctus,
2030 1458 2249 1543 primo
2313 1479 2487 1524 anno
2550 1460 2733 1545 regni
2797 1461 2900 1525 sui
2963 1461 3242 1526 tradidit

536 1581 890 1665 suspendio
932 1581 1353 1664 Ingeramum
1394 1580 1479 1644 de
1523 1579 1822 1674 Mareny‚
1855 1579 1969 1661 qui
2006 1579 2130 1643 suit
2168 1577 2548 1663 principalis
2591 1579 2993 1646 consiliarius
3034 1582 3245 1665 patris

536 1701 635 1766 sui
675 1699 984 1784 Philippi.
1075 1700 1335 1783 Regina
1376 1720 1659 1782 quoque,
1689 1721 1863 1765 uxor
1899 1721 2035 1776 sua,
2066 1697 2204 1764 filia
2245 1700 2507 1765 comitis
2545 1700 2942 1785 Burgundie,
2971 1712 3245 1786 propter

538 1820 952 1899 adulterium,
982 1821 1228 1886 scilicet
1261 1820 1645 1905 impositum
1678 1839 1826 1884 cum
1861 1820 2171 1905 Philippo
2216 1821 2453 1885 Daune
2484 1821 2709 1900 milite,
2741 1822 2864 1887 suit
2900 1823 3240 1888 suffocata.

541 1944 831 2007 Demum
863 1943 946 2007 de
987 1941 1124 2007 filia
1163 1941 1335 2025 regis
1377 1940 1719 2024 Hungarie
1758 1941 1885 2006 sibi
1929 1941 2258 2019 maritata,
2293 1940 2670 2007 Clemencia
2701 1943 2984 2019 nomine,
3016 1944 3244 2027 genuit
3303 1930 3312 1933 ’

540 2062 767 2142 filium,
824 2063 939 2147 qui
997 2062 1110 2145 vij.
1179 2063 1413 2128 diebus
1471 2062 1720 2147 precise
1779 2044 1970 2127 vixit.
2062 2062 2189 2127 Cui
2259 2064 2707 2147 postmodum,
2772 2085 2891 2147 per
2959 2075 3242 2130 mortem

540 2196 727 2268 patre
777 2206 899 2250 suo
960 2185 1303 2267 migrante,
1361 2181 1705 2248 successit¹
1760 2183 1825 2247 in
1878 2203 2155 2267 regnum
2216 2182 2574 2249 fraternum
2637 2183 3002 2268 Philippus.
3096 2184 3243 2262 Cui,

538 2306 679 2371 sine
717 2306 956 2371 herede
999 2304 1425 2388 corporaliter
1468 2304 1817 2388 progenito
1857 2304 2032 2387 patri
2077 2314 2146 2369 et
2183 2303 2366 2370 fratri
2406 2305 2636 2369 mortis
2677 2305 2909 2370 itinere
2952 2306 3243 2382 obeunti,

538 2424 865 2493 successit
890 2426 1131 2492 tercius
1171 2424 1434 2490 illorum
1470 2425 1680 2490 trium'
1713 2424 2004 2502 fratrum,
2041 2425 2288 2491 scilicet
2327 2424 2638 2504 Karolus,
2669 2446 2865 2510 quem
2897 2447 3047 2492 cum
3078 2428 3248 2493 vidit

540 2558 813 2631 patruus
848 2546 1006 2624 eius,
1035 2547 1136 2611 vir
1176 2547 1338 2610 mire
1369 2545 1767 2623 calliditatis,
1800 2545 2092 2611 Karolus
2131 2546 2467 2630 predictus
2506 2548 2591 2612 de
2621 2545 2912 2622 Valesio,
2942 2549 3056 2613 diu
3096 2570 3246 2614 cum

543 2668 768 2752 regina
818 2669 1157 2751 quondam
1218 2667 1557 2732 comitissa
1617 2687 1749 2731 non
1797 2667 2213 2751 impregnata
2273 2668 2356 2732 de
2405 2666 2610 2750 prolis
2655 2668 3059 2734 fecunditate
3096 2671 3245 2735 des-

541 2799 862 2873 peratum,
907 2810 1094 2872 spem
1141 2800 1389 2867 nactus,
1434 2808 1554 2854 nec
1597 2788 1852 2865 frustra,
1895 2789 2076 2871 quod
2128 2787 2257 2852 sibi
2312 2798 2427 2853 aut
2481 2789 2617 2853 suis
2668 2789 3019 2855 heredibus
3063 2791 3246 2885 regni

540 2929 782 2975 corona
812 2908 1158 2985 laberetur,
1190 2910 1524 2975 nitebatur
1559 2919 1893 2993 speratam
1931 2909 2262 2973 fortunam
2301 2907 2664 2976 accelerare
2693 2931 2811 2994 per
2840 2911 3248 2977 abbreviaci-

542 3052 736 3096 onem
783 3031 917 3096 vite
960 3031 1221 3118 nepotis
1264 3032 1364 3096 sui
1412 3031 1668 3109 Karoli,
1712 3040 1869 3095 tunc
1916 3030 2106 3114 regis,
2152 3029 2610 3096 festinandam.
2702 3032 2929 3115 Ipsum
2983 3054 3248 3117 quoque

541 3152 607 3215 in
651 3162 908 3216 tantam
953 3153 1286 3218 vesaniam
1330 3151 1694 3218 stimulavit
1739 3152 1958 3227 timor,
1988 3172 2072 3216 ne
2113 3172 2231 3215 rex
2271 3151 2538 3235 Anglie,
2573 3172 2770 3234 quem
2810 3154 3002 3220 scivit
3048 3154 3247 3219 fuisse

541 3274 626 3338 de
662 3272 800 3336 iure
839 3293 962 3356 pro
998 3273 1386 3337 condicione
1427 3272 1658 3338 matris
1698 3293 1814 3337 sue
1852 3271 2088 3338 Karoli
2125 3272 2429 3337 avunculi
2471 3273 2570 3337 sui
2615 3273 2796 3356 regni
2838 3273 3244 3339 Francorum

542 3393 921 3478 proximum
962 3393 1291 3471 heredem,
1324 3394 1469 3478 ipso
1499 3404 1568 3460 et
1605 3393 1739 3458 suis
1778 3393 2129 3458 heredibus
2169 3393 2335 3458 iuste
2376 3394 2754 3480 repudiatis,
2787 3393 2933 3460 loco
2972 3416 3245 3459 suorum

542 3515 645 3580 avi
705 3525 773 3579 et
835 3504 1033 3580 trium
1092 3514 1560 3580 avunculorum
1624 3515 1689 3578 in
1751 3514 2032 3580 Francia
2084 3523 2403 3599 regnaret,
2456 3514 2569 3597 qui
2635 3524 2790 3579 tunc
2851 3514 2914 3578 in
2972 3514 3245 3598 Anglia,

543 3636 883 3714 Hibernia,
911 3636 1264 3712 Vasconia,
1295 3646 1362 3701 et
1392 3636 1539 3702 aliis
1577 3636 1878 3720 partibus
1917 3635 2238 3719 hesperiis
2278 3656 2590 3719 prospere
2637 3635 2950 3719 regnavit.
3041 3635 3240 3720 Cogi-

539 3758 707 3823 tavit
766 3757 1029 3841 insuper
1070 3757 1328 3822 vetulus
1380 3757 1505 3822 iste
1555 3757 1967 3841 prodiciosus
2011 3758 2210 3841 quod,
2254 3755 2310 3821 si
2357 3777 2475 3820 rex
2521 3755 2812 3821 Karolus
2857 3777 3061 3842 nepos
3106 3757 3245 3823 eius

541 3879 653 3945 diu
691 3878 937 3943 viveret
956 3889 1560 3963 quantumcumque
1588 3879 1727 3943 sine
1757 3878 2104 3962 progenito
2134 3877 2391 3954 herede,
2416 3898 2622 3960 nepos
2651 3877 2793 3943 eius
2831 3899 2948 3941 rex
2973 3877 3242 3962 Anglie,

541 4000 725 4065 cuius
777 4009 1210 4083 magestatem
1262 4000 1572 4065 continue
1622 4010 2017 4065 cressentem
2062 3998 2352 4077 odiebat,
2397 3997 2611 4082 ipsum
2657 3999 2741 4062 de
2784 3996 3053 4062 Valesio
3107 3999 3240 4064 iam

540 4130 1003 4203 senescentem,
1075 4142 1228 4188 suos
1311 4141 1575 4207 quoque
1653 4121 1947 4196 heredes,
2011 4129 2129 4186 aut
2212 4119 2483 4206 propria
2558 4118 3051 4204 magnificencia
3125 4129 3244 4186 aut

1653 4256 1671 4292 ¹
1709 4272 2017 4314 successus.
2054 4257 2121 4311 B.
