4154 4895
1197 297 1309 350 LE
1351 294 1644 349 BAKER
1688 292 1809 347 DE
1853 289 2474 347 SWYNEBROKE.
3099 292 3180 361 59

481 496 823 561 dominum
872 494 1242 561 Robertum
1298 491 1581 558 Dofford
1629 492 1940 556 comitem
1991 486 2349 554 Suffolchie
2369 488 2412 565 ¹,
2452 487 2795 552 dominum
2829 485 3187 569 Hugonem
3229 500 3550 552 amasam

483 616 785 681 Daudele
816 618 1127 682 comitem
1160 614 1584 691 Gloucestrie,
1614 612 1957 677 dominum
1975 609 2383 674 Willelmum
2414 611 2499 675 de
2524 608 2857 692 Clyntone
2877 606 3188 672 comitem

485 730 1046 821 Huntyngdonie3
1092 748 1159 801 et
1206 755 1353 800 cum
1393 735 1519 799 illis
1563 733 1779 816 xxiiij.
1826 732 2066 797 milites
2111 730 2439 796 ordinavit
2458 729 2502 792 ².

659 859 736 922 In
767 860 1003 923 eodem
1034 876 1298 941 quoque
1329 855 1764 939 parliamento
1795 863 2121 918 statutum
2158 851 2278 916 fuit
2309 852 2488 934 quod
2519 850 2700 915 nulla
2726 850 2877 915 lana
2895 841 3192 915 crescens
3227 866 3373 917 Laws

464 946 549 1042 ‘in
580 978 832 1062 Anglia
873 999 1144 1063 regnum
1190 978 1422 1054 exiret,
1464 984 1565 1040 set
1595 975 1774 1058 quod
1821 995 1909 1039 ex
1945 995 2025 1039 ea
2060 972 2328 1056 Anglici
2375 971 2866 1057 pannificarent,
2911 980 2978 1036 et
3007 972 3187 1054 quod
3226 942 3526 1063 ἓξὲῗᾷὓὲῖε

485 1120 714 1164 omnes
759 1100 1035 1166 fullones
1079 1109 1146 1164 et
1190 1107 1486 1163 textores
1539 1116 1951 1180 quocumque
1995 1097 2227 1179 gradu,
2272 1096 2358 1160 ad
2418 1092 2955 1178 pannificandum
3005 1112 3188 1157 com·
3226 1059 3486 1177 ζὲἓῖιζξὰ

489 1231 783 1304 petenter
861 1221 1176 1297 instructi,
1241 1221 1696 1300 undecumque
1765 1217 2116 1294 venientes,
2162 1217 2227 1279 in
2274 1215 2591 1300 Angliam
2639 1214 3078 1298 reciperentur
3122 1224 3190 1279 et
3227 1193 3475 1311 32¹¹&

486 1343 847 1424 gauderent
895 1342 1089 1406 certis
1146 1341 1537 1425 privilegiis;
1581 1340 1872 1403 viverent
1926 1338 2189 1421 insuper
2234 1337 2317 1401 de
2363 1336 2522 1402 fisco
2584 1335 2805 1418 regali,
2849 1356 3192 1418 quousque

384 1488 389 1501 ‘
488 1474 754 1545 possent
804 1464 1082 1528 comode
1139 1482 1227 1526 ex
1273 1461 1551 1526 artificio
1596 1461 1844 1525 victum
1889 1460 2256 1542 adquirere.
2355 1458 2543 1523 Istud
2588 1467 2911 1523 statutum
2956 1457 3079 1522 etsi
3127 1456 3192 1520 in

490 1584 808 1668 principio
844 1585 1193 1649 videbatur
1234 1582 1430 1647 fuisse
1478 1581 1965 1656 infructuosum,
2006 1591 2229 1645 tamen
2274 1580 2518 1644 exinde
2561 1578 2713 1645 ars⁸
2750 1578 3193 1663 pannificandi

491 1706 692 1770 crevit
753 1706 817 1768 in
871 1725 1073 1789 regno
1126 1705 1336 1769 maior
1396 1704 1460 1766 in
1526 1701 1896 1786 vigintuplo
1943 1722 2147 1785 quam
2206 1712 2360 1766 ante
2419 1701 2541 1765 fuit
2592 1702 2753 1766 visa.
2847 1699 3192 1765 Statutum

488 1825 609 1890 fuit
658 1826 919 1910 insuper
965 1825 1029 1889 in
1088 1826 1524 1910 parliamento
1565 1824 1881 1908 predicto,
1919 1825 2100 1906 quod
2143 1820 2403 1887 nullus⁴
2443 1822 2506 1887 in
2561 1833 2897 1907 posterum
2946 1832 3193 1887 emeret

490 1945 912 2011 deferendum
968 1965 1259 2030 pannum
1300 1948 1385 2011 de
1429 1945 1680 2009 factura
1723 1943 2178 2022 transmarina,
2224 1963 2343 2009 nec
2391 1946 2572 2027 quod
2621 1943 2858 2027 aliquis
2904 1953 3196 2008 uteretur

491 2067 738 2151 pellura
770 2069 892 2131 nisi
945 2068 1057 2150 qui
1110 2067 1381 2131 haberet
1435 2066 1499 2129 in
1532 2066 1848 2130 reditibus
1876 2076 2141 2131 centum
2176 2065 2394 2131 libras.

666 2188 871 2252 Anno
915 2189 1187 2252 Domini
1234 2185 1753 2269 M.Ccc.xxxvij.‚
1799 2188 1969 2271 regis
2008 2207 2183 2253 anno
2219 2186 2332 2270 xj„
2363 2186 2497 2253 cito
2528 2198 2682 2271 post
2713 2187 2953 2252 festum
2984 2185 3194 2251 sancti
3237 2202 3539 2254 Parliament

492 2309 851 2386 Michaelis,
883 2308 1124 2373 habitis
1156 2308 1524 2374 Londoniis
1556 2308 1991 2392 parliamento
2013 2329 2131 2392 per
2152 2307 2495 2374 dominum
2528 2329 2748 2392 regem
2779 2320 2845 2373 et
2879 2328 3198 2374 convoca·
3234 2270 3545 2387 ἓὲοζωη

490 2431 679 2497 cione
707 2431 859 2497 cleri
886 2453 1002 2515 per
1024 2430 1607 2515 archiepiscopum,
1641 2430 1849 2496 clerus
1868 2430 2003 2515 regi
2023 2431 2341 2498 concessit
2361 2432 2684 2496 decimam
2705 2429 3108 2508 triennalem,
3128 2439 3198 2495 et

494 2553 722 2618 itidem
769 2551 894 2618 sibi
944 2552 1261 2618 concessit
1304 2553 1743 2617 communitas
1802 2553 2229 2636 burgencium
2274 2562 2342 2617 et
2385 2552 2848 2618 forinsecorum
2895 2552 3195 2637 quintam
3234 2572 3488 2624 Subsidies

493 2674 838 2751 decimam,
870 2674 935 2737 in
964 2674 1329 2738 subsidium
1359 2672 1640 2758 guerre⁶
1677 2672 1938 2739 Scotice
1982 2683 2139 2738 tunc
2186 2673 2492 2738 ferventis
2533 2682 2601 2739 et
2646 2676 2731 2740 ad
2765 2674 3196 2740 resistendum
3233 2640 3549 2691 forthewars.

494 2795 752 2859 tiranno
785 2794 1206 2871 Francorum,
1235 2814 1431 2859 suam
1462 2795 1764 2859 sevitiam
1809 2795 2002 2860 minis
2031 2806 2101 2859 et
2140 2794 2329 2860 factis
2359 2795 2729 2861 crudelibus
2759 2797 3132 2862 ostendenti
3152 2796 3198 2860 ⁰.

497 2914 865 2998 Utlagiavit
884 2913 909 2954 ⁷
940 2935 1179 2999 nempe
1207 2916 1311 2980 vel
1344 2917 1586 2982 occidit
1609 2927 1725 2980 aut
1757 2916 2199 2994 incarceravit,
2231 2917 2484 2983 catallis
2504 2937 2733 2982 eorum
2765 2917 3137 2984 confiscatis
3157 2917 3201 2996 ⁸,

493 3056 723 3101 omnes
757 3036 1045 3121 Anglice
1079 3037 1373 3102 nacionis
1395 3036 1420 3074 ⁹
1465 3038 1528 3100 in
1561 3058 1763 3121 regno
1810 3038 2085 3102 Francie
2121 3049 2431 3122 repertos,
2462 3039 2901 3105 comminatus
2928 3061 3001 3105 se
3034 3040 3203 3105 velle

494 3156 715 3222 ulcisci
755 3155 1013 3235 ScotoS‚
1058 3157 1307 3223 amicos
1352 3178 1529 3222 suos.
1625 3159 1918 3242 Insuper,
1950 3161 2034 3224 de
2071 3159 2313 3225 ducatu
2332 3157 2740 3244 Aquitannie
2779 3171 2846 3226 et
2883 3163 3201 3227 comitatu

500 3277 794 3342 Pontivie
846 3298 975 3343 non
1031 3279 1287 3362 reliquit
1311 3276 1369 3317 ¹⁰
1425 3280 1560 3362 regi
1615 3279 1842 3344 villam
1903 3289 2019 3345 aut
2071 3290 2359 3345 castrum
2413 3282 2595 3364 quod
2650 3281 2713 3344 in
2768 3302 2921 3346 suas
2972 3301 3202 3347 manus

503 3409 764 3483 poterat
794 3398 1032 3464 seisire.
1122 3399 1342 3464 Lanas
1370 3419 1528 3485 ergo
1566 3402 1747 3484 regni
1780 3402 2252 3467 mercatoribus
2282 3423 2403 3486 pro
2434 3413 2612 3468 certa
2640 3421 2900 3468 summa
2932 3403 3202 3488 pecunie
3239 3430 3391 3480 Wool
3416 3438 3523 3481 nent

442 3562 459 3572 -
498 3519 816 3597 venditas,
847 3503 920 3584 ut
952 3522 1259 3604 pecunias
1302 3522 1575 3587 celerius
1604 3543 1739 3606 quo
1776 3533 2000 3607 posset
2046 3524 2381 3607 reciperet,
2420 3525 2596 3589 misit
2636 3523 3070 3590 Brabanciam
3115 3526 3200 3590 ad
3239 3495 3516 3614 {³322}ae

499 3661 841 3705 numerum
890 3642 1159 3725 triginta
1210 3643 1388 3708 milia
1406 3641 1455 3683 ¹¹
1498 3664 1858 3723 saccorum,
1894 3665 2044 3710 cum
2092 3645 2376 3729 navigio,
2422 3645 2525 3710 cui
2563 3645 2845 3729 prestitit
2891 3649 3203 3712 ducatum
3240 3623 3549 3677 withafleet.

499 3761 806 3828 dominus
840 3781 1061 3828 comes
1098 3764 1649 3848 Norhamptonie,
1693 3766 1943 3832 habens
1980 3766 2045 3830 in
2086 3767 2379 3832 exercitu
2410 3767 2786 3851 sagittarios
2815 3778 2882 3833 et
2912 3767 3205 3834 Wallen-

567 3972 585 4005 ¹
623 3974 988 4031 Southfolkie.
1028 3979 1091 4031 C.
1410 3977 1432 4009 ²
1466 3995 1575 4034 om.
1612 3982 1678 4034 B.
1998 3978 2020 4010 ⁸
2059 3997 2206 4051 pars.
2234 3981 2298 4037 C.
2618 3979 2640 4011 ⁴
2677 3981 2837 4037 ullus.
2877 3982 2941 4036 B.

570 4058 595 4090 ⁶
627 4078 968 4131 guerrarum.
1008 4065 1075 4117 13.
1359 4063 1380 4095 ⁸
1416 4067 1784 4123 ostendentis.
1821 4068 1887 4122 B.
2188 4065 2212 4098 ⁷
2248 4070 2427 4137 Tunc,
2452 4085 2689 4124 overan
2712 4086 2960 4124 erasure.
2998 4070 3063 4126 C.

508 4155 513 4166 ’
571 4145 594 4177 ⁸
625 4155 733 4204 cat.
755 4166 866 4205 eor.
890 4149 1129 4223 confisa]
1154 4151 1209 4207 in
1236 4163 1507 4224 quantum
1533 4154 1732 4226 potuit.
1772 4157 1835 4211 C.
2291 4155 2312 4187 ⁹
2348 4158 2613 4227 Anglicos
2638 4157 2887 4213 nacione.
2928 4160 2991 4214 C.

576 4234 617 4266 ¹⁰
651 4236 902 4309 reliquid.
943 4240 1007 4292 13.
1945 4241 1980 4273 ¹¹
2021 4242 2251 4299 milium.
2293 4246 2354 4299 B.

1809 4362 1903 4411 12
