4154 4895
991 281 1073 363 58
1884 288 1933 343 C
1934 287 2253 343 HRONIC
2255 286 2373 343 ΟΝ
2418 289 2525 343 CA
2535 287 2824 344 LFRIDI

643 500 950 550 anasse.
988 487 1319 552 audebant
1379 507 1495 553 eos
1557 496 1929 572 expectare,
1991 488 2054 552 in
2117 489 2451 553 montibus
2515 499 2580 551 et
2643 486 2995 571 paludibus
3059 507 3136 552 ac
3198 488 3572 553 nemoribus
3631 508 3700 549 se

992 608 1435 675 occultabant.

644 729 941 848 fflmoesh
1166 727 1357 796 Post¹
1404 729 1908 814 parliamentum
1957 729 2347 814 predictum,
2393 728 2611 793 nuncii
2657 729 2897 795 tiranni
2946 729 3371 807 Francorum,
3407 730 3707 795 videntes

642 872 902 939 epvoysto
991 852 1171 933 quod
1220 871 1337 915 rex
1384 850 1632 934 Anglie
1675 862 1739 914 et
1785 870 1976 916 suum
2024 850 2531 934 parliamentum
2579 850 3138 934 parvipendebant
3182 851 3402 916 literas
3445 852 3544 915 sui
3581 852 3706 917 do-

644 930 843 980 *moe‘
996 970 1153 1035 mini
1215 971 1497 1056 Philippi
1548 971 1633 1035 de
1678 970 1963 1047 valesio,
2008 970 2246 1054 quibus
2298 970 2825 1035 comminabatur
2879 971 3013 1053 regi
3070 970 3315 1053 Anglie
3365 970 3702 1036 inimicum

993 1090 1101 1157 se²
1162 1090 1299 1156 sore
1369 1092 1677 1167 futurum,
1747 1092 1868 1157 nisi
1940 1091 2294 1157 Scotorum
2363 1091 2508 1175 paci
2574 1092 3045 1174 adquiesceret,
3111 1092 3348 1157 reversi
3417 1106 3566 1156 sunt
3635 1094 3700 1157 in

999 1212 1363 1289 Franciam‚
1395 1210 1743 1277 reserentes
1771 1232 1938 1297 quas
1977 1222 2244 1296 treugas
2282 1223 2348 1276 et
2381 1231 2577 1296 paces
2617 1213 2700 1277 ad
2740 1213 2838 1277 sui
2884 1212 3267 1278 instanciam
3307 1234 3424 1277 rex
3456 1212 3704 1297 Anglie

995 1352 1145 1398 cum
1201 1332 1421 1399 Scotis
1476 1335 1540 1397 in
1587 1333 1683 1397 sui
1731 1332 2153 1416 dispendium
2214 1332 2457 1416 pluries
2501 1335 2852 1409 contraxit,
2897 1343 2996 1398 set
3040 1346 3106 1399 et
3151 1334 3509 1417 quomod0,
3555 1354 3710 1397 suas

995 1453 1219 1520 literas
1248 1454 1783 1520 comminatorias
1824 1453 2323 1539 parvipendenS,
2363 1464 2590 1518 contra
2633 1452 2892 1529 Scotos,
2922 1455 3173 1519 amicos
3213 1455 3414 1538 ipsius
3450 1454 3711 1529 tiranni,

996 1596 1299 1660 guerram
1348 1596 1672 1641 resumere
1718 1574 2123 1640 intendebat.
2215 1573 2815 1658 congratulabatur
2860 1575 3154 1640 tirannus
3199 1576 3534 1651 nunciatis,
3576 1595 3709 1638 non

1000 1696 1418 1762 reminiscens
1462 1709 1834 1780 treugarum
1881 1714 2049 1779 quas
2094 1715 2214 1777 pro
2256 1695 2356 1760 sui
2400 1694 2622 1778 gracia
2669 1716 2788 1760 rex
2836 1696 3083 1779 Anglie
3126 1715 3275 1761 cum
3325 1693 3546 1760 Scotis
3583 1696 3706 1758 sibi

714 1830 751 1879 r.
778 1831 890 1878 ns.
999 1818 1457 1903 dispendiosas
1492 1816 1921 1891 confirmavit,
1950 1827 2071 1893 set,
2104 1815 2438 1880 ruminans
2482 1818 2664 1900 quod
2710 1837 2863 1882 suas
2909 1817 3128 1881 literas
3169 1817 3710 1882 comminatorias

1002 1939 1541 2023 parvipendebat,
1585 1938 1849 2021 gavisus
1908 1950 2005 2001 est
2060 1937 2469 2002 occasionem
2525 1958 2595 2001 se
2647 1938 2965 2002 invenisse
3017 1938 3184 2021 qua²
3225 1949 3456 2005 contra
3514 1958 3707 2002 suum

1001 2059 1556 2142 consanguineum
1596 2072 1661 2122 et
1710 2058 1887 2139 regni
1939 2057 2228 2133 Francie‚
2268 2058 2371 2122 cui
2416 2058 2726 2134 incubuit,
2764 2078 2987 2123 verum
3034 2058 3343 2123 heredem
3391 2056 3710 2123 vexillum

1005 2179 1324 2244 liliatum⁸
1383 2190 1605 2262 posset
1672 2179 2025 2262 explicare.
2117 2176 2394 2244 Inflatus
2453 2179 2647 2262 igitur
2706 2180 3002 2244 tirannus
3062 2179 3292 2263 spiritu
3351 2178 3584 2242 suroris
3641 2192 3710 2243 et

654 2309 823 2376 mamp
1002 2299 1325 2383 superbie,
1369 2299 1721 2365 concitavit
1770 2296 2002 2364 Gallos
2044 2310 2274 2364 contra
2321 2298 2680 2383 Anglicos3
2745 2301 2917 2364 unde
2961 2322 3194 2383 guerra
3241 2300 3546 2363 terribilis
3592 2298 3712 2363 suit

652 2377 950 2492 (ἐζῖᾞω
1004 2420 1336 2498 suscitata,
1364 2439 1564 2503 quam
1614 2419 1769 2504 ipse,
1809 2420 1895 2484 de
1940 2418 2146 2504 prelio
2192 2420 2406 2485 navali
2453 2432 2518 2485 et
2564 2421 2913 2505 campestri
2963 2420 3202 2501 plurim
3245 2420 3522 2503 fugatus,
3562 2434 3712 2504 post

1004 2541 1398 2608 occisionem
1450 2553 1517 2606 et
1565 2553 1905 2625 capturam
1961 2560 2189 2622 regum
2241 2540 2531 2618 Boemie‚
2579 2541 2828 2618 scocie,
2871 2557 2939 2607 et
2995 2542 3267 2607 Francie
3311 2555 3378 2606 et
3434 2542 3711 2605 multam

1008 2662 1253 2729 Christi
1296 2663 1610 2746 sanguine
1662 2663 2152 2746 redemptorum
2205 2664 2537 2746 sanguinis
2594 2663 2995 2738 effusionem,
3044 2684 3174 2727 non
3229 2662 3441 2748 potuit
3491 2663 3714 2726 termi-

1006 2802 1178 2846 nare.

657 2925 798 2977 An.
813 2925 970 2982 1⁸87,
1180 2901 1385 2968 Anno
1418 2902 1687 2969 Domini
1725 2903 2408 2988 M.ccc.xxxvj.‚circa
2441 2903 2906 2990 Epiphaniam,
2940 2925 3056 2968 rex
3087 2915 3154 2969 et
3189 2902 3716 2988 archiepiscopus

659 3005 955 3122 Fffios
1007 3025 1093 3091 de
1139 3022 1375 3089 Scocia
1402 3023 1600 3089 σωκ*
1646 3024 1881 3089 reversi
1932 3046 2054 3109 pro
2093 3026 2428 3110 sepultura
2464 3025 2714 3091 domini
2751 3024 3014 3088 loannis
3062 3021 3423 3089 Deltham⁴
3455 3024 3716 3089 comitis

658 3073 876 3189 ἕω
1012 3143 1361 3220 cornubie,
1413 3144 1708 3236 germani
1761 3145 1949 3228 regis,
1989 3145 2102 3228 qui
2158 3147 2222 3210 in
2280 3167 2500 3212 mense
2555 3146 2866 3212 Octobris
2911 3147 3088 3229 apud
3139 3144 3454 3230 Berewylt
3503 3157 3716 3209 morte

659 3271 973 3332 Ptrlitment,
1007 3267 1342 3334 communi
1373 3267 1579 3341 obiit;
1624 3277 1690 3331 et
1711 3264 1737 3304 ⁸
1765 3268 1945 3350 apud
1977 3265 2634 3334 westmonasterium
2663 3268 2877 3351 ipsum
2913 3267 3323 3350 sepelierunt.
3417 3265 3528 3340 Et,
3558 3285 3716 3328 con·

660 3339 895 3466 35:222„
919 3414 978 3466 ot
1008 3401 1245 3455 vocato
1278 3387 1643 3453 Londoniis
1682 3387 2118 3471 parliamento
2169 3391 2253 3454 ad
2305 3391 2482 3455 diem
2533 3389 2718 3453 Lune
2757 3402 2903 3472 post
2941 3387 3175 3452 festum
3217 3387 3423 3452 sancti
3459 3385 3716 3450 Mathie

662 3498 815 3549 μω·
1008 3509 1293 3596 apostoli
1338 3522 1403 3574 et
1454 3508 1803 3574 Dominica
1836 3506 2360 3592 Quadragesime
2382 3509 2426 3588 ⁶,
2483 3510 2630 3575 fecit
2672 3509 3014 3573 dominum
3059 3507 3460 3572 Edwardum
3509 3505 3714 3570 filium

1007 3651 1196 3698 suum
1231 3630 1740 3715 primogenitum
1772 3630 2006 3694 ducem
2041 3627 2392 3708 cornubie,
2432 3643 2496 3696 et
2541 3631 2882 3695 dominum
2921 3628 3276 3694 llenricum
3309 3631 3394 3693 de
3433 3627 3716 3692 lancas-

1009 3753 1154 3826 tria,
1191 3752 1418 3826 filium.
1461 3751 1772 3817 comitem
1823 3754 2086 3828 Derbie,
2130 3753 2470 3816 dominum
2504 3751 2909 3816 willelmum
2957 3751 3043 3815 de
3085 3748 3360 3814 Bohun⁷
3403 3749 3716 3814 comitem

1014 3873 1561 3958 Norhamptonie,
1583 3874 1925 3939 dominum
1950 3873 2355 3938 willelmum
2389 3875 2473 3939 de
2507 3871 2738 3937 Monte
2767 3885 2964 3936 acuto
2994 3870 3304 3934 comitem
3331 3867 3718 3942 Sarisburie.

1085 4057 1101 4090 ⁸
1142 4059 1216 4113 Et
1242 4069 1389 4129 post.
1427 4058 1493 4114 c.
1636 4057 1657 4090 ⁸
1693 4077 1800 4112 om.
1840 4058 1905 4114 c.
2048 4053 2070 4087 ⁸
2109 4057 2435 4126 Alr'splaced
2455 4059 2605 4126 aster
2631 4055 2926 4109 invenisse.
2963 4055 3024 4108 B.
3122 4051 3143 4083 ⁸
3179 4053 3250 4108 de
3280 4052 3524 4107 Eltham.
3565 4053 3629 4106 c.

1081 4143 1104 4176 ⁸
1140 4163 1246 4200 ont.
1290 4143 1341 4198 B.
1805 4145 1826 4176 ⁸
1862 4154 1918 4201 e!
1942 4145 2110 4201 Dum.
2144 4141 2384 4214 Quodn]
2411 4163 2516 4197 om.
2545 4145 2608 4200 C.
2683 4143 2742 4198 lt
2767 4143 2974 4196 should
2991 4143 3050 4194 he
3077 4141 3572 4212 Quinqtngesune.

1084 4230 1105 4262 ¹
1148 4236 1334 4287 llown.
1375 4234 1438 4288 C.
