4154 4895
934 268 1021 354 36
1806 275 1856 332 C
1854 274 2178 335 HRONJC
2176 274 2300 333 ΟΝ
2346 274 2753 332 GALFRJDI

584 494 895 548 Lutum.
933 473 1230 540 universe
1288 473 1501 541 carnis
1555 474 1864 559 ingresso,
1915 474 2228 541 dominus
2280 474 2607 540 Iohannes
2665 475 2750 540 de
2804 471 3276 550 Grandissono,
3321 495 3439 559 per
3490 494 3646 559 pro·

584 624 718 691 John
743 625 901 676 Gna·
936 596 1259 661 visionem
1301 617 1492 681 pape,
1523 595 1587 660 in
1630 596 1798 662 festo
1836 597 2045 661 sancti
2089 595 2270 662 Luce
2311 595 2376 660 in
2419 595 2596 662 curia
2641 595 2947 660 Romana
2990 594 3108 661 fuit
3154 595 3218 660 in
3260 595 3644 680 episcopum

586 690 899 807 &a
944 715 1435 784 Exoniensem¹
1473 730 1910 783 consecratus.

584 821 855 938 &baffi
1114 838 1375 903 Eodem
1420 859 1599 904 anno
1642 838 1943 904 transivit
1989 839 2075 904 ad
2124 837 2388 904 celestia
2432 835 2742 903 dominus
2797 836 3166 903 Edwardus
3216 849 3404 921 pater
3456 835 3647 921 regis,

936 969 1008 1024 ut
1057 958 1309 1024 dictum
1356 969 1453 1022 est
1498 956 1754 1043 supra².

586 1098 874 1216 mog(
1117 1078 1271 1144 Hoc
1335 1099 1512 1145 anno
1580 1078 1871 1144 Karolus
1928 1079 2015 1144 de
2064 1078 2396 1157 Valesio³,
2449 1090 2723 1163 patruus
2789 1076 2962 1163 regis
3023 1077 3298 1145 Francie
3365 1076 3644 1143 Karoli⁴

588 1231 776 1282 νηοὶ,
938 1211 1138 1283 atque
1194 1199 1473 1264 Isabelle
1518 1200 1747 1265 matris
1793 1199 1963 1281 regis
2007 1198 2254 1283 Anglie
2270 1200 2315 1276 ὅ,
2360 1201 2473 1284 qui
2520 1198 2844 1283 Anglicos
2886 1219 3148 1283 semper
3190 1199 3351 1264 odio
3395 1198 3650 1275 habuit,

587 1294 901 1362 (*⁴’·¹³²⁵')
937 1330 1024 1397 et,
1077 1330 1147 1383 ut
1213 1319 1463 1384 dictum
1524 1330 1643 1396 est,
1695 1333 1921 1385 contra
1988 1321 2302 1385 comitem
2359 1319 2602 1386 Cancie
2668 1320 2733 1384 in
2787 1319 3115 1385 Vasconia
3190 1320 3388 1384 duxit
3454 1340 3648 1384 exer·

935 1440 1140 1506 citum
1222 1438 1645 1517 Francorum,
1718 1440 2057 1505 convictus
2128 1442 2308 1524 quod
2392 1461 2609 1524 regem
2695 1440 2970 1505 Francie
3047 1451 3359 1523 nepotem
3434 1460 3649 1517 suum,

939 1559 1147 1625 filium
1206 1560 1453 1625 scilicet
1510 1560 1794 1645 Philippi
1855 1559 1917 1625 le
1980 1560 2173 1626 Beals
2234 1560 2451 1626 fratris
2500 1561 2655 1643 sui⁰‚
2717 1561 3063 1625 invitatum
3135 1562 3221 1625 ad
3274 1562 3648 1625 venandum

939 1694 1005 1745 et
1058 1680 1461 1765 epulandum
1519 1701 1740 1746 secum
1800 1681 2064 1747 volebat
2130 1680 2473 1765 iugulasse.
2539 1683 2822 1746 traditur
2881 1680 3212 1765 supplicio
3269 1682 3434 1747 citra
3491 1700 3648 1747 eon-

596 1808 697 1887 Ηξι
718 1824 835 1860 σαι·
939 1802 1236 1885 dignum.
1327 1802 1481 1868 Post
1562 1822 1799 1886 nempe
1875 1802 2320 1879 venacionem,
2393 1802 2666 1886 quidam
2745 1802 2918 1885 regis
2990 1801 3252 1868 clavarii
3332 1802 3653 1867 intrantes

588 1889 785 2055 Ψ
938 1922 1160 1989 locum
1205 1923 1484 1989 convivii
1538 1923 1929 1997 celebrandi,
1974 1936 2314 2008 comperta
2366 1924 2858 1990 machinacione
2908 1923 3310 2008 prodicionis
3351 1936 3418 1988 et
3470 1925 3650 2008 quod

591 2002 905 2123 ‘fnnkssfd
942 2044 1064 2108 viri
1110 2043 1369 2117 armati,
1416 2043 1657 2126 quibus
1697 2055 1835 2109 erat
1885 2042 2237 2128 pallacium
2289 2044 2352 2109 in
2400 2065 2666 2109 nemore
2711 2044 3072 2110 consistens
3119 2043 3460 2129 repletum,
3505 2064 3656 2129 pre·

946 2164 1226 2230 miss0s⁷
1289 2166 1374 2229 de
1448 2176 1699 2229 secreta
1768 2164 1937 2247 regis
1998 2164 2248 2230 familia
2309 2166 2736 2243 trucidarunt,
2794 2179 2861 2231 et
2922 2167 3161 2231 cordas
3223 2165 3464 2231 sericas
3526 2185 3651 2250 pro

945 2284 1276 2350 nobilibus
1326 2285 1802 2368 suspendendis
1853 2285 2153 2351 trabibus
2203 2284 2657 2370 inlaquearunt
2679 2286 2722 2361 ⁸,
2777 2307 2907 2351 non
2958 2286 3102 2352 sine
3152 2285 3541 2351 difficultate
3583 2298 3654 2351 et

943 2404 1254 2473 conflictu
1278 2405 1453 2472 evasi
1468 2406 1513 2480 ⁹,
1548 2407 1934 2472 nunciarunt
1973 2407 2108 2490 regi
2143 2405 2505 2492 periculum
2542 2407 2605 2472 in
2638 2409 2852 2492 capud
2884 2428 3075 2473 suum
3108 2407 3564 2492 excogitatum
3583 2405 3652 2472 ¹⁰.

950 2525 1167 2600 Unde,
1199 2526 1263 2590 in
1294 2525 1459 2591 alias
1489 2539 1709 2610 partes
1744 2528 2027 2593 tuciores
2057 2548 2211 2610 rege
2247 2550 2320 2594 se
2360 2526 2896 2602 committente¹¹‚
2929 2529 3185 2612 capitur
3217 2528 3326 2593 iile
3365 2528 3658 2596 Karalus

945 2648 1032 2711 de
1076 2645 1361 2721 Valesi0,
1404 2658 1490 2720 et.
1534 2649 1836 2730 quamvis
1884 2669 2029 2713 reus
2082 2649 2259 2732 regie
2312 2649 2718 2730 magestatis,
2761 2660 2984 2714 tamen
3039 2660 3309 2733 propter
3361 2669 3658 2714 reveren·

604 2778 812 2856 stanna
834 2779 893 2829 ot
946 2767 1118 2832 ciam
1179 2766 1516 2849 sanguinis
1577 2767 1814 2849 regalis
1875 2789 2007 2832 non
2071 2767 2192 2832 fuit
2255 2789 2610 2852 suspensus
2677 2788 2797 2834 nec
2860 2768 3292 2852 decapitatus,
3349 2781 3448 2832 set
3515 2769 3659 2834 sine

597 2842 676 2894 δι’
697 2845 865 2896 ‘¹⁰⁰⁸‘
950 2887 1375 2964 femoralibus
1424 2889 1602 2952 nudo
1656 2889 1968 2954 marmori
2022 2889 2212 2972 aquis
2270 2889 2527 2973 frigidis
2585 2909 2883 2974 resperso
2937 2888 3196 2962 insedit,
3249 2888 3358 2953 ubi
3417 2888 3658 2972 frigore

946 3008 1158 3074 finivit
1207 3008 1749 3074 inveterationem
1796 3011 2049 3074 dierum
2098 3007 2514 3074 malorum¹¹.

1126 3128 1258 3194 Hic
1332 3127 1625 3196 Karolus
1696 3142 1835 3195 erat
1906 3152 2256 3215 germanus
2340 3130 2628 3215 Philippi
2700 3130 2762 3196 le
2835 3129 3047 3206 Beals,
3114 3130 3285 3216 regis
3360 3130 3658 3196 Francie.

1022 3351 1039 3386 ¹
1076 3353 1141 3407 ἐκ
1164 3353 1325 3424 episc.
1356 3349 1571 3422 Eram]
1598 3353 1895 3423 episcopus
1926 3354 2100 3409 Exon.
2133 3351 2216 3408 13‘.
2246 3354 2307 3409 C.
2595 3349 2619 3385 ⁸
2651 3353 2868 3409 Eodem
2894 3393 2908 3408 .
2937 3392 2951 3407 .
2977 3392 2992 3408 .
3019 3393 3033 3408 .
3057 3351 3260 3426 cupra]
3293 3354 3492 3409 Postea
3517 3353 3660 3408 obiit

950 3440 1263 3496 Edwardus
1308 3440 1601 3508 secundus,
1628 3441 1769 3495 sicut
1798 3442 2063 3512 scriptum
2089 3455 2172 3496 est
2198 3457 2384 3511 supra.
2416 3439 2498 3495 θ’.
2526 3441 2591 3497 C.
2857 3441 2877 3471 ⁸
2919 3442 3060 3496 item
3088 3443 3194 3496 boc
3219 3459 3371 3496 anno
3394 3441 3660 3496 dominus

956 3528 1089 3582 Kar.
1114 3528 1185 3582 de
1212 3528 1438 3596 Valoys.
1482 3527 1564 3581 13¹.
1592 3530 1656 3582 C.
2087 3529 2107 3559 ⁴
2153 3529 2285 3582 Kar.
2313 3529 2384 3582 fil.
2415 3527 2534 3582 Phi.
2561 3529 2610 3584 ie
2639 3529 2806 3584 Benls
2833 3529 3192 3584 Valesiensis.
3235 3527 3316 3583 13¹.
3341 3545 3357 3596 ς
3407 3529 3538 3585 Car.
3564 3529 3658 3584 filzi

949 3615 1307 3670 Valesiensis.
1336 3617 1399 3670 C.
2095 3613 2116 3644 ⁸
2151 3625 2322 3686 alque
2346 3654 2360 3670 .
2385 3655 2400 3670 .
2427 3654 2441 3669 .
2465 3654 2480 3670 .
2505 3614 2746 3688 Anglie]
2769 3633 2877 3671 om.
2919 3617 3001 3670 θ’.
3030 3618 3094 3671 C.

1020 3701 1042 3730 ⁸
1077 3707 1327 3773 nepotem
1351 3741 1365 3756 .
1391 3742 1406 3757 .
1431 3741 1445 3756 .
1471 3741 1487 3758 .
1510 3700 1630 3773 καί]
1657 3715 1913 3773 nepotem
1942 3721 2121 3758 suum.
2163 3703 2279 3768 B¹.;
2335 3703 2649 3774 Philippum
2677 3703 2747 3760 de
2779 3705 2943 3760 Beals
2970 3713 3227 3774 nepotem
3255 3721 3435 3760 mum.
3474 3705 3540 3760 C.

1018 3785 1042 3818 ¹
1078 3792 1301 3860 pr'ssos.
1344 3791 1405 3845 Β.
1592 3788 1613 3820 ⁰
1647 3799 1703 3844 et
1723 3790 1881 3862 quod
1898 3795 2023 3844 viri
2044 3831 2057 3845 .
2083 3831 2098 3846 .
2124 3831 2138 3846 .
2164 3830 2179 3846 .
2203 3788 2447 3862 inlaqu]
2474 3809 2580 3845 our.
2611 3791 2695 3845 θ’.
2722 3793 2786 3848 C.
2962 3789 2987 3822 ⁹
3018 3805 3300 3847 exeuntes.
3343 3793 3425 3846 B'.
3452 3791 3517 3846 C.

1024 3875 1067 3908 ¹·
1092 3881 1253 3946 per-ic
1254 3916 1429 3931 .....
1452 3876 1659 3948 excep]
1687 3897 1794 3932 om.
1836 3879 1918 3933 B’.
1948 3881 2011 3934 C.
2443 3877 2480 3910 ¹¹
2517 3897 2576 3932 se
2596 3876 2813 3949 sonim]
2842 3879 3173 3935 declinante.
3215 3879 3296 3934 1³².
3326 3880 3389 3934 C.

1024 3961 1065 3995 ¹²
1099 3967 1331 4034 ταμίην
1363 4003 1378 4018 .
1404 4004 1418 4017 .
1445 4003 1460 4018 .
1484 4004 1499 4018 .
1538 3965 1843 4036 malorum]
1894 3967 2112 4036 capitur
2151 3966 2255 4021 iste
2301 3967 2542 4022 Karolus
2585 3978 2640 4021 et
2685 3967 2992 4032 convictus,
3043 3983 3156 4022 non
3203 3982 3507 4038 suspensus
3555 3984 3662 4022 nec

952 4051 1299 4122 decapitatus
1343 4065 1571 4122 propter
1614 4055 1985 4108 reverenciam
2031 4055 2316 4122 sanguinis
2359 4055 2580 4124 regalis,
2619 4055 2738 4110 sine
2779 4055 3136 4109 femoraiibus
3179 4056 3332 4108 nudo
3381 4071 3663 4110 marmore

952 4139 1112 4208 aquis
1133 4139 1344 4206 frigidis
1384 4157 1636 4210 resperso
1658 4139 1987 4213 [respersus.
2014 4141 2104 4214 (ἶ.)
2133 4143 2356 4210 insedit,
2382 4143 2474 4197 ubi
2502 4142 2704 4212 frigore
2728 4143 2900 4198 finivit
2930 4143 3078 4200 diem
3117 4141 3350 4198 ulcionis
3391 4159 3488 4200 me
3529 4141 3664 4214 [uic.

954 4229 1295 4298 temporalis.
1326 4225 1437 4296 B'.]
1482 4227 1561 4282 B'.
1592 4227 1655 4284 C.
