4154 4895
1263 300 1373 352 LE
1431 299 1723 352 BAKER
1774 299 1892 352 DE
1940 297 2572 353 SWYNEBROKE.
3186 303 3267 368 29

569 498 857 563 Henrico
896 498 1154 575 mansit,
1192 498 1371 562 nullo
1402 519 1599 581 egens
1638 519 1769 581 quo
1810 500 2094 562 reclusus
2131 507 2196 561 et
2233 497 2423 580 quasi
2474 495 2874 559 monasticus
2912 493 3268 577 indigebat.
3307 525 3448 573 Am,
3463 524 3617 575 1327.

567 620 845 684 Nullum
893 619 1315 684 infortunium
1367 620 1430 683 in
1480 621 1610 684 ima
1658 620 2001 703 depressus
2046 618 2393 702 deplanxit
2442 617 2570 680 Dei
2629 638 2870 693 servuS,
2916 616 3038 679 nisi
3089 615 3269 697 quod

566 763 737 805 uxor
788 763 926 818 sua,
975 762 1172 824 quam
1226 762 1358 804 non
1416 742 1636 824 potuit
1694 762 1825 807 non
1883 762 2123 818 amare,
2185 740 2451 804 nolebat
2514 740 2727 822 ipsum
2786 738 3027 815 videre,
3086 736 3270 801 cuius
3309 751 3408 800 His
3429 748 3563 815 grief

566 862 988 945 amplexibus
1011 862 1156 946 plus
1177 883 1377 944 quam
1403 884 1517 946 per
1540 884 1783 927 annum
1814 864 1987 927 vixit
2009 864 2337 939 viduatuS‚
2369 873 2435 925 et
2466 863 2646 944 quod
2678 881 2796 925 nec
2828 859 2940 923 illa
2973 856 3270 942 permisit
3307 825 3564 932 ῗῖοῗξζᾟ

567 973 772 1038 filium
812 995 999 1038 suum
1040 995 1281 1038 novum
1308 996 1527 1059 regem
1553 987 1665 1040 aut
1697 974 2015 1059 aliquem¹
2051 997 2321 1040 suorum
2346 975 2699 1039 liberorum
2724 974 2849 1038 sibi
2873 970 3270 1056 presenciale
3310 949 3388 998 ¹¹¹³
3412 946 3601 1011 s²¹¹¹¹¹y·

565 1094 885 1160 solacium
940 1097 1228 1179 prebere.
1322 1095 1507 1179 Quot
1559 1118 1865 1161 amorosa
1913 1093 2306 1161 teleumata2
2349 1116 2509 1161 voce
2554 1095 2880 1160 submissa
2925 1103 3268 1175 tamquam

566 1216 732 1282 alter
778 1218 1013 1283 Orseus
1058 1217 1403 1295 concinuit,
1452 1227 1553 1283 set
1607 1219 1971 1283 incassum!
2057 1219 2250 1282 Haal
2299 1219 2611 1300 quociens
2657 1216 2924 1280 deflevit
2959 1214 3270 1298 querulus

566 1341 745 1421 quod
780 1350 918 1404 tam
955 1361 1273 1423 generosa
1309 1351 1375 1404 et
1406 1350 1506 1405 tot
1539 1351 1771 1404 nature
1802 1341 2071 1404 dotibus
2101 1351 2243 1404 tarn
2283 1340 2582 1422 speciosa
2615 1338 2835 1422 potuit
2866 1336 3267 1421 prodicionis

565 1461 907 1526 amaricari
956 1459 1136 1525 felle!
1208 1460 1757 1527 Auscultantibus
1815 1464 2214 1545 quandoque
2272 1482 2404 1526 non
2468 1460 2651 1525 siluit
2710 1460 2834 1523 sub
2901 1460 3268 1524 iuramento

565 1583 764 1663 quod,
817 1593 1168 1665 postquam
1236 1582 1451 1665 primo
1510 1583 1680 1647 vidit
1726 1582 1926 1660 illam,
1980 1604 2314 1666 nunquam
2376 1582 2575 1647 aliam
2646 1581 2983 1645 mulierem
3051 1580 3270 1663 potuit

565 1723 806 1768 amare.
897 1703 1115 1768 Amor
1152 1703 1539 1786 languentiS,
1586 1704 1650 1767 in
1697 1704 1928 1769 ceteris
1973 1705 2263 1770 adversis
2301 1703 2651 1787 paciencia,
2696 1702 3007 1767 comitem
3053 1711 3269 1767 custo-

566 1825 717 1888 dem
764 1834 830 1888 et
876 1846 1104 1889 omnes
1152 1824 1409 1889 illorum
1449 1824 1801 1890 familiares
1838 1828 1922 1890 ad
1973 1826 2472 1891 miseracionem
2503 1834 2761 1889 tantam
2807 1832 3266 1907 provocarunt,

564 1946 744 2028 quod
780 1947 1079 2029 generosi
1114 1945 1343 2010 militis
1374 1966 1666 2011 amorem
1700 1945 2086 2031 languidum
2119 1949 2348 2012 uxoris
2386 1967 2503 2012 sue
2535 1947 2717 2012 cordi
2749 1945 2998 2010 duriori
3030 1945 3266 2008 incude

565 2069 992 2133 adamantino
1052 2088 1185 2132 non
1252 2069 1640 2133 dimiserunt
1706 2071 2030 2134 nunciare.
2143 2069 2361 2146 Unde,
2430 2089 2562 2143 non
2627 2058 2852 2133 amore
2919 2076 3101 2130 mota
3167 2074 3267 2129 set
3307 2076 3417 2126 The
3439 2091 3596 2153 quqen

564 2186 776 2252 surore
800 2189 826 2227 ³
899 2200 1252 2266 commota,
1327 2188 1532 2253 ferrea
1604 2190 1832 2273 virago
1892 2201 2144 2255 secreto
2215 2190 2510 2273 cogitatu
2579 2189 2752 2272 cepit
2812 2208 3268 2270 expavescere,
3308 2142 3605 2257 gagedboigng

564 2330 646 2373 ne
693 2331 983 2392 unquam
1032 2331 1149 2393 per
1202 2309 1562 2385 ecclesiam,
1611 2311 1860 2376 miseris
1900 2322 2283 2377 consuetam
2332 2311 2618 2375 misereri
2640 2310 2686 2387 ⁴,
2728 2308 2895 2373 foret
2927 2308 3268 2392 compulsa
3305 2282 3468 2389 1¹2⁶ng
3491 2281 3547 2323 ω

562 2431 703 2497 viro
749 2432 1095 2515 repudiato
1152 2432 1387 2496 iterum
1436 2433 1768 2517 impertire
1811 2444 2052 2500 torum.
2147 2433 2571 2517 Excogitavit
2608 2433 2781 2497 enim
2828 2432 3008 2514 quod
3054 2454 3094 2496 a
3138 2430 3266 2496 sor-

563 2553 718 2618 ciori
785 2553 1088 2618 homines
1150 2554 1593 2619 indifferentes
1654 2565 1722 2619 et
1785 2555 2054 2638 pietatis
2119 2555 2420 2619 alumnos
2480 2555 2546 2618 in
2605 2554 2707 2619 sui
2775 2553 3266 2618 miseracionem

563 2685 966 2757 provocaret,
1025 2675 1139 2758 qui
1199 2697 1352 2741 suos
1420 2676 1738 2754 inimicos,
1805 2698 1970 2760 quos
2034 2677 2176 2760 ipsa
2247 2698 2447 2759 supra
2516 2676 2851 2740 ministros
2916 2676 3263 2751 ordinavit,

562 2816 680 2878 per
708 2796 1179 2861 adversitatum
1223 2797 1677 2864 tolleranciam
1722 2808 1789 2863 et
1834 2799 2131 2863 omnium
2175 2798 2493 2863 virtutum
2525 2798 2793 2862 uberem
2831 2796 3266 2882 fragranciam

562 2918 648 2981 ad
681 2917 993 3001 pietatem
1031 2918 1133 2981 sui
1167 2917 1551 2983 inclinavit.‘

733 3038 1011 3103 Talibus
1055 3049 1122 3103 et
1168 3039 1312 3103 aliis
1358 3040 1758 3123 cogitatibus
1803 3041 2194 3124 angustiata,
2245 3040 2612 3106 truculenta
2669 3040 2874 3117 leena,
2936 3060 3266 3105 recurrens

562 3161 647 3224 ad
685 3160 1027 3226 consilium
1069 3161 1170 3225 sui
1222 3162 1536 3244 magistri,
1585 3163 1947 3228 sacerdotis
1985 3160 2148 3228 Baal
2204 3162 2376 3227 illius
2423 3161 2940 3239 Herefordensis,
2985 3162 3070 3226 ab
3119 3162 3265 3245 ipso

564 3281 805 3365 recepit
859 3282 1075 3364 ipsum
1132 3302 1537 3365 responsum,
1589 3284 1768 3366 quod
1816 3293 1991 3348 certe
2033 3284 2420 3367 sanguinem
2466 3284 2682 3367 tetigit
2731 3285 2999 3365 quando
3044 3303 3266 3347 comes

564 3403 895 3469 Edwardo
946 3424 1067 3468 suo
1127 3405 1613 3488 consanguineo
1672 3406 2226 3488 compaciebatur.
2320 3405 2682 3471 Constituit
2759 3404 2954 3488 igitur
3020 3403 3263 3467 semina
3302 3426 3411 3477 The
3433 3426 3555 3493 king

560 3515 857 3602 crudelis,
917 3546 1005 3589 ex
1067 3526 1490 3591 ordinacione
1538 3526 1830 3610 magistri
1875 3527 1976 3592 sui
2023 3526 2288 3592 subdoli
2310 3526 2356 3601 ⁶,
2402 3525 2694 3610 episcopi
2740 3524 3035 3608 predicti,
3079 3526 3259 3608 quod
3297 3494 3533 3609 ,2⁶3ng
3559 3503 3614 3544 ω

561 3645 858 3711 Thomas
893 3647 978 3711 de
1022 3646 1322 3731 Corneye
1353 3659 1419 3712 et
1468 3648 1794 3713 Iohannes
1827 3649 2242 3728 Maltravers,
2266 3651 2402 3714 duo
2434 3649 2675 3714 milites
2705 3668 3012 3731 nequam,
3044 3647 3260 3731 ipsum
3300 3625 3521 3689 eustody.

564 3766 967 3833 Edwardum
998 3771 1082 3833 de
1119 3770 1420 3834 custodia
1451 3771 1714 3835 comitis
1743 3770 2098 3836 Leicestrie
2134 3782 2471 3854 receptum
2504 3771 2812 3835 ducerent
2839 3790 2971 3852 quo
3001 3768 3262 3846 vellent,

563 3888 655 3952 ita
685 3891 864 3971 quod
898 3889 1110 3954 nullus
1151 3890 1251 3953 sui
1294 3890 1649 3955 benevolus
1688 3913 1799 3956 seu
1835 3885 2208 3957 indifferens
2240 3904 2518 3976 persona
2551 3893 2765 3975 ipsum
2799 3891 3000 3955 libere
3030 3891 3262 3966 adiret,

557 4009 659 4074 vel
707 4010 900 4075 sciret
951 4010 1061 4074 ubi
1111 4011 1222 4076 diu
1274 4013 1750 4094 perendinaret.
1845 4013 1998 4078 Hiis
2057 4013 2316 4078 duobus
2361 4013 2772 4096 nequissimis
2817 4011 3262 4095 proditoribus

726 4179 740 4212 ¹
778 4181 948 4252 aliqd.
989 4184 1052 4237 Β.
1266 4181 1287 4213 ²
1322 4183 1579 4255 Perhaps
1604 4184 1868 4256 θέλγματα
1893 4202 1963 4240 or
1983 4184 2266 4255 κηλήματα,
2291 4185 2532 4240 char-ms.
2747 4182 2769 4215 ³
2805 4182 2990 4239 furori.
3031 4185 3093 4238 B.

1137 4268 1156 4299 ⁸
1195 4269 1397 4326 miseri.
1439 4274 1501 4327 B.
2093 4270 2116 4303 ὅ
2151 4272 2280 4328 doli.
2310 4275 2374 4329 B.
