4154 4895
929 246 1010 308 28
1798 252 2290 308 CHROA’ICON
2347 252 2756 309 GALFRJDJ

574 478 884 528 Antan
925 451 1254 517 adventus
1314 452 1719 527 nunciorum,
1788 454 1953 517 mira
2014 452 2433 536 impudcncia
2497 472 2627 517 non
2686 452 2995 518 confusus
3065 453 3274 537 regis-¹
3337 454 3632 519 animum

630 567 829 580 —‘''
926 584 1303 649 attrectare,
1334 573 1436 639 cui
1476 595 1547 637 se
1593 574 1847 656 putavit
1892 594 2005 658 pre
2049 575 2282 639 ceteris
2315 573 2702 638 mortalibus
2743 595 3025 639 exosum
3060 574 3275 640 fuisse.
3364 575 3635 640 Adiecit

577 715 727 766 Hei·
930 696 1065 758 suis
1104 695 1296 760 dictis
1342 694 1452 759 illc
1502 695 2006 760 Herefordensis
2042 697 2222 779 quod
2268 706 2610 779 oporteret
2660 716 2881 777 regem
2931 696 3112 779 regni
3159 696 3468 762 diadema
3515 718 3638 761 suo

576 781 837 910 ssss‘iffgaed
937 817 1380 899 primogenito
1422 817 1770 897 resignare,
1802 828 1915 881 aut
1958 828 2108 901 post
2150 817 2248 881 sui
2291 817 2635 900 repudium
2671 816 2872 881 invite
2918 816 3053 900 pati
3098 819 3275 899 quod
3319 818 3636 901 eligerent

578 912 843 1029 ἲζζῗὲᾒξξῖ
933 937 995 1001 in
1061 958 1283 1021 regem
1346 958 1831 1021 quemcumque
1890 939 2102 1003 visum
2168 937 2326 1021 ipsis
2384 937 2719 1021 apciorem
2769 959 2888 1020 pro
2937 938 3114 1021 regni
3164 938 3392 1003 tutela.
3487 938 3638 1003 lliis

934 1060 1199 1136 auditis·‚
1233 1080 1349 1123 rex
1395 1079 1545 1124 cum
1595 1058 1751 1125 fletu
1798 1069 1865 1125 et
1911 1060 2157 1124 eiulatu
2208 1060 2540 1142 respondit
2580 1059 2760 1142 quod
2806 1058 3087 1123 multum
3131 1059 3343 1125 doluit
3391 1080 3510 1143 pro
3555 1082 3638 1123 eo

938 1181 1116 1262 quod
1178 1180 1460 1263 populus
1517 1180 1613 1244 sui
1678 1181 1857 1263 regni
1906 1181 2127 1245 taliter
2186 1191 2619 1262 exasperatus
2663 1178 2830 1244 soret
2891 1192 3120 1246 contra
3183 1181 3417 1263 ipsum,
3457 1182 3636 1265 quod

580 1310 759 1383 nen*
934 1321 1120 1365 suam
1183 1301 1708 1365 dominacionem
1770 1300 2137 1380 fastidiret3
2209 1300 2492 1365 finaliter
2551 1321 2814 1383 quoque
2863 1301 3210 1366 subiunxit
3256 1324 3377 1366 suo
3439 1304 3638 1366 bene·

578 1387 678 1427 ωε
752 1386 892 1425 “⁸¹⁶⁴
943 1422 1191 1506 placito
1252 1422 1446 1487 valde
1504 1423 1911 1497 convenisse,
1979 1424 2158 1505 quod
2235 1422 2484 1487 scilicet
2563 1420 2735 1485 filius
2809 1443 2965 1486 suus
3043 1424 3295 1506 populo
3355 1424 3449 1489 sic
3517 1423 3638 1487 suit

934 1556 1337 1627 acceptatus,
1383 1555 1455 1609 ut
1503 1545 1714 1628 ipsum
1766 1544 1828 1608 in
1878 1565 2100 1626 regem
2147 1544 2532 1608 affectarent
2593 1542 2856 1607 habere.
2953 1543 3027 1607 1n
3090 1545 3376 1610 crastino
3438 1545 3638 1609 iidem

584 1678 696 1728 The
938 1666 1158 1730 nuncii
1204 1665 1517 1747 homagia
1561 1675 1627 1731 et
1678 1666 2059 1749 ligiamenta
2106 1666 2380 1730 domino
2447 1665 2779 1729 Edwardo
2839 1666 2925 1730 de
2987 1665 3378 1731 Karnarvan
3435 1688 3644 1751 nuper

583 1740 901 1793 memb-enos
1057 1786 1072 1801 .
1629 1788 1641 1801 .
1834 1788 1848 1803 .
2262 1787 2275 1800 .
2309 1788 2322 1799 .
2363 1787 2376 1799 .
2907 1786 2921 1799 .
3195 1788 3208 1801 .

584 1810 667 1858 the
691 1810 892 1873 dcpuui·
939 1808 1096 1869 regi,
1123 1809 1236 1870 per
1271 1808 1505 1850 manus
1536 1786 1850 1851 willelmi
1883 1785 2152 1852 Trossel
2189 1787 2431 1861 militis,
2453 1807 2540 1850 ex
2577 1798 2761 1869 parte
2792 1797 3002 1852 tocius
3029 1808 3208 1869 regni
3245 1788 3642 1863 refuderunt,

584 1887 831 1988 {tuffounoe
936 1920 1005 1973 et
1037 1907 1335 1972 Thomas
1382 1910 1465 1973 de
1504 1908 1749 1974 Blount
1798 1908 2004 1986 miles,
2050 1908 2287 1990 regalis
2332 1907 2562 1990 ospicii
2609 1907 3023 1981 senescallus,
3071 1907 3393 1975 fraccione
3437 1910 3642 1991 virge,

584 2006 811 2067 houmge.
937 2051 1129 2095 suum
1177 2030 1463 2094 officium
1511 2030 1933 2112 designantis,
1978 2030 2225 2113 regiam
2276 2028 2592 2093 familiam
2642 2030 2973 2094 nunciavit
3020 2052 3165 2094 esse
3214 2030 3642 2099 licenciatam.

584 2158 849 2231 Repfmto
944 2150 1101 2215 Post
1133 2151 1253 2216 hec
1293 2152 1378 2216 ad
1426 2150 1930 2235 parliamentum
1981 2150 2349 2215 Londoniis
2394 2149 2651 2225 reversi,
2697 2151 3189 2233 responsionem
3230 2152 3398 2235 regis
3433 2153 3645 2236 plene,

586 2226 879 2289 parliament
940 2272 1146 2336 immo
1179 2271 1435 2356 plenius
1466 2293 1665 2355 quam
1700 2271 1871 2338 sacta
1904 2271 2042 2349 suit,
2075 2271 2454 2336 retulerunt.
2569 2269 2844 2334 Factam
2894 2272 3411 2353 resignacionem
3459 2294 3644 2337 com·

636 2395 844 2450 110⁰!
944 2393 1229 2458 munitas
1292 2393 1492 2476 regni,
1538 2406 1835 2459 veterum
1899 2393 2320 2468 fastidiatrix‚
2367 2412 2684 2457 novorum
2747 2412 3007 2477 semper
3066 2394 3448 2477 appetitrix,
3493 2416 3645 2476 gra·

946 2525 1165 2579 tanter
1188 2516 1562 2588 admitten5‚
1586 2536 1778 2579 suum
1812 2515 2320 2598 primogenitum
2354 2513 2694 2578 dominum
2732 2512 3152 2590 Edwardum‚
3183 2516 3356 2580 bone
3391 2515 3646 2592 indolis,

945 2636 1248 2700 undecim
1295 2656 1638 2710 annorum,
1687 2637 2176 2721 promptissime
2221 2635 2454 2708 erexit,
2495 2644 2566 2698 ut
2613 2634 2773 2697 infra
2822 2634 3078 2717 plenius
3122 2636 3374 2702 dicetur
3391 2659 3408 2710 ς
3462 2639 3645 2702 cuius

944 2757 1226 2840 puericia
1255 2758 1652 2840 quibusdam
1694 2779 1776 2822 eo
1812 2758 1958 2842 plus
1993 2758 2187 2823 cessit
2232 2757 2316 2821 ad
2363 2769 2615 2830 votum,
2646 2776 2779 2838 quo
2808 2756 2934 2820 sub
2981 2769 3116 2821 tam
3168 2757 3347 2821 molli
3381 2773 3646 2842 pastore

590 2889 701 2937 The
754 2951 765 2964 ·
946 2874 1299 2956 sperabant
1358 2895 1625 2956 gregem
1690 2875 1868 2956 regni
1917 2876 2046 2938 suis
2097 2874 2299 2938 libitis
2359 2874 2627 2938 minare.
2722 2872 2975 2954 Regine
3034 2895 3317 2957 quoque,
3376 2876 3648 2940 domine

589 2969 793 3067 33:31?
945 2995 1191 3060 scilicet
1242 2994 1524 3060 Isabelle
1569 2997 1655 3060 de
1703 2996 2149 3078 Cayrnarvan,
2187 2995 2304 3059 suit
2352 2993 2501 3059 talis
2545 3013 2622 3057 ac
2668 3003 2854 3057 tanta
2899 2995 3022 3058 dos
3067 2995 3423 3076 assignata,
3463 2998 3644 3079 quod

950 3116 1083 3198 regi
1133 3115 1269 3178 filio
1315 3137 1435 3180 suo
1481 3128 1548 3182 ct
1597 3118 1818 3200 regine
1868 3117 2166 3200 Philippc
2210 3116 2322 3179 vix
2373 3116 2681 3179 remansit
2732 3114 2930 3179 tercia
2981 3136 3130 3199 pars
3173 3115 3349 3198 regie
3407 3137 3648 3180 corone

592 3237 883 3351 alrlomoe
946 3236 1439 3320 pertinencium.
1532 3239 1824 3302 Domino
1848 3259 2005 3302 vcro
2042 3237 2374 3301 Edwardo
2405 3236 2490 3300 de
2526 3235 2966 3318 Cayrnarvan.
2998 3235 3256 3301 comitis
3292 3235 3652 3302 Leiccstrie

592 3368 819 3419 lui-md.
951 3354 1273 3438 deputato
1304 3357 1621 3430 custodie,
1651 3369 1917 3420 centum
1954 3375 2206 3419 marcas
2249 3375 2370 3437 pro
2418 3374 2640 3418 mense
2673 3352 3147 3436 expendendas
3179 3353 3650 3419 ordinaverunt

954 3475 1173 3558 regina
1204 3486 1270 3539 ct
1303 3476 1692 3560 episcopus²
1728 3475 2230 3541 lleresordensis
2267 3486 2332 3540 et
2369 3474 2673 3556 Rogerus
2715 3475 2800 3538 de
2842 3473 3114 3540 Mortuo
3147 3473 3328 3548 mari,
3361 3475 3445 3539 de
3489 3473 3649 3538 fisco

944 3596 1143 3678 regali
1189 3598 1591 3662 tribuendas.

598 3748 677 3796 11c
706 3765 744 3795 n
772 3747 887 3812 krist
1126 3718 1358 3800 ltaque
1402 3741 1757 3800 generosus
1809 3722 2118 3783 dominus
2185 3719 2566 3792 Editardus,
2611 3717 2948 3799 quondam
2998 3737 3136 3792 rex,
3191 3714 3365 3798 regie
3409 3736 3648 3780 corone

598 3830 643 3863 {n
672 3817 755 3860 [he
1226 3843 1235 3852 ν
1466 3841 1479 3854 ο
1693 3841 1706 3854 ι
1837 3843 1849 3854 ο
2915 3839 2926 3850 t
3002 3839 3015 3851 ο
3329 3837 3342 3850 0
3605 3839 3614 3850 0

593 3877 881 3938 cmv-«¹505
948 3853 1149 3922 atquc
1197 3839 1563 3904 hbcrtaus⁸
1609 3862 2047 3924 privacioncm
2108 3863 2228 3924 pro
2281 3861 2506 3904 amore
2563 3838 2705 3902 lesu
2772 3837 3015 3900 Christi
3073 3859 3380 3921 pauperis
3444 3856 3650 3902 cruci·

596 3945 881 4058 {ffijjffesss
952 3961 1063 4024 fixi
1136 3963 1465 4046 pacienter
1539 3964 1915 4036 admittens,
1992 3982 2140 4025 cum
2219 3983 2339 4024 suo
2413 3958 2898 4039 consanguineo
2976 3959 3218 4023 comite
3294 3956 3650 4022 Lciccstrie

1310 4131 1325 4163 ¹
1368 4151 1567 4198 ragom.
1612 4136 1672 4187 ll.
1890 4135 1907 4162 ²
1944 4133 2043 4188 An
2070 4133 2374 4184 alh-rafim
2401 4131 2906 4202 appar-cullyswm
2936 4131 3209 4183 dominu&
3255 4129 3315 4184 B·

2042 4221 2059 4250 ⁸
2102 4223 2366 4274 libertate.
2413 4223 2470 4274 ll.
