4154 4895
1251 289 1364 345 LE
1404 287 1698 345 BAKER
1741 286 1861 343 DE
1900 284 2524 343 SWYNEBROKE.
3123 283 3248 358 145

540 512 722 556 mum
771 488 1106 565 insultum,
1149 486 1385 572 quem¹
1434 485 1855 553 marescallus
1902 485 2316 551 Dawdenam
2358 483 2705 551 calumniis
2752 482 3052 569 legitima:
3093 501 3241 566 pre·
3280 484 3596 536 anasse.

538 613 900 698 scripcione
930 610 1168 677 fulcitis
1197 621 1301 677 set
1330 609 1648 675 veraciter
1683 608 2002 673 invidiose
2032 608 2368 673 nitebatur
2399 627 2819 692 preocupare.
3339 574 3535 590 ’-

675 696 918 817 lErg0,
979 753 1044 796 m
1094 729 1381 797 rescallis
1438 729 1912 795 altercantibus
1973 737 2040 793 et
2101 729 2356 812 reliquo
2419 728 2743 811 reliquum
2806 725 3247 810 posteriorare
3283 744 3506 822 Addrqss
3527 743 3587 794 of

539 755 1261 963 nitentibusfflcepS,
1283 851 1513 916 audito
1545 870 1662 934 per
1691 850 1963 914 nuncios
1995 848 2343 915 cardinalis
2373 851 2557 933 quod
2589 850 2732 914 dux
2764 847 3246 931 Francigenum
3281 812 3367 927 {3⁰
3419 825 3602 926 {⁰310

541 974 790 1039 nullam
821 975 1085 1057 penitus
1116 993 1349 1056 pacem
1379 971 1664 1049 volebat,
1696 972 1820 1035 nisi
1852 970 2066 1035 furore
2101 970 2340 1035 Martis
2379 972 2717 1055 adeptam,
2749 967 3247 1034 exortacionem
3285 942 3370 993 ¹¹³⁸
3391 950 3583 1005 “⁰⁰¹²'‘

539 1095 658 1161 tali
682 1095 1091 1160 consimilem
1114 1092 1431 1158 militibus
1450 1093 1673 1159 accitis
1694 1066 2083 1214 peroravit—x
2101 1098 2116 1126 ‘
2141 1090 2544 1174 Comperior‚
2566 1091 2724 1156 socii
2745 1089 3249 1164 commilitoneS,

542 1218 742 1301 quod,
765 1226 918 1300 post
948 1226 1345 1299 apparatum
1371 1214 1614 1279 milicie
1642 1223 1953 1297 prompte
1991 1234 2110 1277 sua
2138 1214 2307 1278 tueri
2341 1223 2408 1279 et
2431 1213 2604 1279 iusta
2634 1212 2905 1296 neganti
2938 1228 3251 1274 mucrone

540 1339 793 1403 nudato
854 1338 1208 1421 precipere,
1273 1336 1617 1420 suspensio
1675 1335 1937 1401 virtutis
2005 1334 2307 1400 militaris
2367 1334 2825 1400 antecedentis
2885 1330 3249 1416 periculum

543 1459 715 1524 solet
761 1459 1147 1537 conducere,
1192 1458 1353 1523 dum
1400 1477 1585 1521 mora
1630 1457 1829 1522 docet
1881 1456 2109 1522 hostes
2163 1466 2414 1534 cavere,
2463 1476 2669 1520 novas
2719 1453 3251 1520 machinaciones

545 1581 892 1664 providere
932 1590 999 1644 et
1039 1579 1445 1644 incremento
1481 1578 1787 1662 potencie
1830 1576 1992 1642 seu²
2036 1577 2190 1642 feda
2230 1577 2385 1661 suga
2425 1578 2560 1641 suis
2600 1576 2960 1649 consulere,
2989 1574 3251 1640 amicis-

547 1720 678 1783 que
729 1700 978 1783 paratis
1030 1700 1296 1784 egregie
1348 1699 1561 1764 facere
1613 1706 1917 1782 tempore
1969 1698 2255 1782 frigessit
2302 1699 2498 1763 ardor
2547 1698 2858 1783 pristinus
2911 1694 3253 1781 preliandi:

548 1820 762 1905 Igitur
789 1821 877 1885 de
906 1830 1126 1887 cetero
1158 1841 1344 1885 mora
1374 1820 1783 1904 spernenda3
1831 1818 2184 1885 cuiuslibet
2214 1820 2472 1884 animus
2502 1828 2654 1884 actu
2688 1819 2926 1902 prodat
2956 1818 3251 1881 innatam

546 1962 663 2007 seu
725 1942 1018 2006 moribus
1077 1942 1409 2026 preditam
1469 1941 2126 2024 magnanimitatem;
2202 1961 2528 2024 nusquam
2589 1939 2746 2023 fuga
2810 1961 2930 2003 nos
3005 1938 3256 2022 poterit

546 2071 805 2138 tutare3
867 2062 1071 2127 libera
1127 2063 1236 2127 via
1292 2062 1461 2127 ferro
1520 2062 1852 2146 captanda
1909 2071 2011 2127 est
2071 2071 2140 2127 et
2196 2062 2488 2127 hostium
2510 2060 2536 2099 ³
2580 2061 2901 2146 sanguine
2944 2060 3257 2144 durisque

549 2183 887 2249 laboribus
932 2185 1398 2268 comparanda.
1491 2184 1670 2249 Nam
1724 2183 1968 2249 talibus
2025 2183 2218 2248 donis
2279 2184 2636 2267 promereri
2698 2183 2881 2266 cupit
2940 2202 3258 2266 prospera

550 2304 832 2370 fortuna.
925 2302 1177 2369 Contra
1221 2326 1380 2388 sepe
1408 2304 1621 2369 victos
1661 2326 1701 2369 a
1731 2304 1920 2368 vobis
1952 2306 2326 2388 pugnaturi,
2358 2304 2788 2369 memineritis
2816 2325 2934 2369 vos
2964 2302 3256 2378 diviciaS,

551 2426 774 2501 decus,
824 2424 1124 2510 gloriam,
1174 2435 1242 2491 et
1301 2425 1516 2491 omnis
1564 2426 1836 2492 virtuosi
1893 2425 2120 2490 militis
2171 2425 2556 2502 amiciciam,
2611 2435 2678 2491 et
2730 2423 3257 2509 perpetuandum

552 2547 815 2614 celebre
845 2567 1087 2612 nomen
1115 2547 1179 2610 in
1212 2546 1468 2611 dextris
1491 2547 1725 2612 vestris
1762 2556 2065 2631 portare3
2115 2556 2412 2632 preterea
2444 2548 2624 2631 quod
2664 2566 2896 2631 pacem
2919 2546 3261 2628 vitamque

554 2667 929 2752 gloriosam,
960 2688 1160 2751 quam
1192 2688 1342 2733 cum
1376 2667 1597 2732 liberis
1628 2678 1695 2733 et
1728 2669 2049 2732 uxoribus
2079 2670 2262 2733 senio
2294 2668 2463 2734 felici
2498 2668 2957 2752 concupiscitis
2997 2666 3261 2744 habere,

555 2810 688 2854 non
719 2789 842 2853 nisi
871 2789 1151 2854 victores
1182 2789 1487 2873 poteritis
1519 2788 1697 2853 bello
1730 2799 2162 2855 commutare.
2253 2788 2618 2855 Considero
2647 2791 2825 2873 quod
2856 2788 3096 2867 solum,
3126 2808 3262 2872 quo

557 2911 913 2996 pugnaturi
959 2930 1204 2988 summ,
1255 2910 1583 2994 antiquati
1639 2911 1794 2974 iuris
1846 2912 2223 2978 hereditarii
2278 2912 2687 2976 munimento
2736 2910 3264 2996 progenitoribus

561 3032 724 3097 meis
776 3032 1041 3115 regibus
1084 3030 1332 3115 Anglie
1378 3032 1788 3115 pertinebat;
1855 3034 2064 3098 eciam
2113 3033 2307 3098 nobis
2353 3034 2679 3117 pertinere
2724 3032 3016 3111 deberet,
3059 3031 3241 3115 quod

557 3173 709 3218 cum
772 3153 1028 3218 iusticia
1099 3164 1375 3237 paterne
1448 3173 1644 3218 cause
1718 3174 1919 3236 quam
1990 3154 2218 3231 nostis,
2278 3166 2347 3220 et
2416 3154 2896 3219 necessitudine
2957 3162 3263 3232 mortem,

559 3294 905 3348 carcerem,
958 3274 1249 3339 dedecus
1303 3285 1370 3340 et
1425 3284 1885 3358 paupertatem
1939 3275 2297 3354 devitandi,
2347 3285 2416 3340 et
2469 3276 2735 3360 insuper
2785 3284 3004 3339 vestra
3054 3274 3264 3339 virtus

560 3376 825 3460 assueta
865 3415 1015 3461 cum
1057 3395 1285 3478 paucis
1329 3393 1575 3461 multos
1617 3416 1943 3481 superare,
1974 3397 2212 3463 durum
2255 3417 2523 3480 quoque
2562 3388 2804 3460 Martis
2849 3395 3076 3480 iugum
3126 3396 3266 3461 sine

563 3515 815 3581 deliciis
857 3515 1136 3579 iocunde
1182 3523 1485 3594 tractare,
1531 3526 1759 3582 contra
1815 3516 1967 3582 licet
2021 3518 2269 3582 multos
2319 3527 2544 3582 tamen
2599 3517 2918 3583 delicatos
2978 3517 3267 3583 Francos

564 3655 877 3719 magnam
929 3656 1118 3718 spem
1173 3636 1558 3702 triumfandi
1627 3637 1787 3701 mihi
1840 3637 2000 3702 facit
2052 3648 2121 3703 et
2175 3639 2240 3702 in
2293 3638 2484 3702 vobis
2538 3638 3015 3704 rationabiliter
3064 3638 3266 3704 debet

563 3775 890 3840 generare.
981 3755 1183 3839 Quod
1225 3757 1281 3820 si
1320 3757 1544 3822 virtuti
1586 3757 1953 3842 cuiuspiam
1994 3758 2192 3824 vestri
2237 3779 2416 3823 mors
2450 3768 2568 3824 aut
2606 3768 2674 3823 et
2718 3779 2862 3824 sors
2905 3759 3053 3834 sint,
3083 3759 3265 3844 quod
3368 3786 3554 3836 cla.

566 3876 761 3950 absit,
794 3874 1210 3959 prevaliture‚
1241 3887 1470 3942 cavete
1507 3899 1593 3943 ne
1629 3878 1836 3943 vitam
1878 3900 2000 3963 pro
2032 3878 2239 3943 nihilo
2285 3879 2579 3963 perdatis
2615 3877 2911 3957 inultam,
2942 3887 3045 3944 set
3083 3900 3269 3945 more

565 3997 875 4074 virorum,
905 3999 1149 4062 nedum
1186 3997 1342 4062 victi
1384 4007 1487 4063 set
1522 4000 1880 4078 vincentes,
1913 3999 2112 4064 finem
2159 4000 2510 4065 honestum
2547 4001 2859 4079 subeatis,
2897 4023 2978 4066 ne
3021 4002 3268 4087 captivi

568 4118 753 4185 sicud
799 4137 1077 4201 peccora
1119 4118 1607 4184 traducamini⁴
1654 4120 1853 4204 longa
1903 4131 2118 4186 morte
2164 4120 2508 4186 multandi.
2604 4121 2696 4186 Et
2742 4124 3035 4207 cogitate
3085 4125 3267 4207 quod

746 4251 764 4284 ¹
801 4269 989 4325 quam.
1029 4256 1091 4309 B.
1340 4255 1362 4287 ²
1397 4274 1524 4314 sew.
1564 4259 1629 4313 B.
1876 4254 1899 4287 ⁸
1934 4258 2156 4314 ostium.
2196 4260 2286 4334 B..
2509 4256 2531 4289 ⁸
2566 4260 2951 4318 traducemini.
2990 4263 3060 4319 B.

1887 4378 1937 4428 U
