4154 4895
1230 307 1341 362 LE
1384 305 1677 361 BAKER
1722 303 1843 359 DE
1884 303 2506 359 SWYNEBROKE.
3141 304 3226 374 55

508 505 831 572 exaudiri.
942 504 1096 570 Hiis
1148 506 1232 570 de
1278 506 1489 571 causis
1540 504 1848 571 dominus
1907 524 2027 568 rex
2092 502 2383 586 precepit
2443 497 2784 566 confiscari
2831 496 3225 581 temporalia
3262 506 3574 558 amasa&

512 628 934 712 episcopatus
992 626 1373 711 Wyntonie,
1437 623 1609 709 que1
1674 636 1919 702 tamen,
1977 623 2086 688 die
2143 622 2418 689 Veneris
2487 631 2641 705 post
2715 618 3225 684 Exaltacionem

506 756 737 812 sancte
771 746 998 813 Crucis
1036 747 1347 832 proximo
1379 755 1780 829 sequentem,
1810 745 1896 809 ad
1930 764 2154 828 preces
2191 742 2649 827 episcoporum
2693 741 2758 807 in
2790 740 3227 824 parliamento

517 867 899 948 Londoniis,
943 867 1240 952 graciose
1288 866 1551 932 refudit.

698 988 856 1054 Hoc
912 1010 1105 1066 anno,
1158 1009 1276 1072 per
1329 987 1770 1072 provisionem
1816 983 2109 1051 domini²
2157 1005 2349 1068 pape,
2406 984 2712 1050 dominus
2767 983 3092 1048 Ricardus
3143 982 3229 1046 de
3267 987 3567 1106 &etiams

525 1108 722 1191 Bury,
772 1109 905 1175 cito
956 1119 1111 1193 post
1164 1109 1403 1174 festum
1459 1108 1865 1186 Nativitatis,
1919 1107 1983 1171 in
2051 1105 2449 1172 monasterio
2509 1105 2594 1170 de
2656 1104 3057 1188 Cherteseye
3114 1124 3231 1187 per
3268 1072 3449 1187 bfflp
3473 1070 3568 1170 ofe

524 1230 866 1295 dominum
897 1228 1444 1314 Wyntoniensem
1478 1230 1541 1292 in
1573 1230 1958 1312 episcopum
1991 1227 2507 1292 Dunelmensem
2540 1227 2660 1292 fuit
2690 1236 3124 1292 consecratus.
3269 1185 3520 1319 82¹¹&le

698 1349 903 1416 Anno
950 1351 1222 1416 Domini
1262 1349 1794 1433 M.CCC.xxxiiij.,
1840 1350 2010 1433 regis
2042 1346 2399 1414 Edwardi²
2431 1347 2586 1431 viij„
2618 1348 2751 1413 cito
2793 1355 2945 1430 post
2987 1345 3232 1410 festum
3275 1320 3447 1382 1333·)

527 1470 733 1535 sancti
768 1471 1048 1537 Dionisii
1082 1471 1408 1536 Iohannes
1438 1470 1965 1554 archiepiscopus
2004 1467 2492 1534 Cantuariensis
2531 1467 2978 1534 transfretavit
3011 1486 3234 1531 versus
3271 1443 3428 1560 ἓξὲξ

531 1590 907 1675 Philippum
953 1592 1038 1656 de
1080 1591 1368 1669 Valesio,
1410 1590 1766 1656 vocatum³
1811 1611 2032 1674 regem
2091 1589 2384 1667 Francie,
2429 1610 2629 1674 quem
2676 1588 2836 1654 libet
2890 1590 2975 1654 de
3018 1596 3235 1653 cetero
3272 1575 3383 1627 Stra
3425 1572 3514 1625 ⁰¹⁶

3274 1650 3381 1692 sent
3403 1657 3468 1691 on
3491 1655 3555 1689 an

528 1732 762 1777 vocare
817 1712 1168 1791 tirannum,
1222 1713 1378 1795 quia
1438 1711 1774 1776 inimicum
1834 1710 2085 1776 iusticie
2144 1710 2514 1777 communis
2572 1720 2639 1775 et
2699 1708 2975 1793 predicti
3030 1707 3237 1773 sancti
3278 1708 3576 1771 embassyto

531 1833 711 1917 regni
746 1833 1154 1898 intrusorem.
1245 1831 1363 1897 Ad
1394 1834 1763 1917 predictum
1793 1832 2125 1897 tirannum
2158 1833 2475 1897 accedens
2505 1831 2853 1915 episcopus
2890 1830 3241 1914 predictus,
3279 1774 3481 1823 France.

528 1954 628 2017 vir
672 1974 911 2038 magne
953 1953 1280 2038 sapiencie
1322 1963 1390 2019 et
1435 1955 1671 2019 doctor
1714 1953 2011 2037 egregius
2055 1953 2394 2036 utriusque
2440 1952 2611 2029 iuris,
2656 1952 2853 2036 peciit
2898 1951 3240 2016 continua-

534 2075 791 2138 cionem
828 2073 1125 2139 amicicie
1156 2075 1322 2139 inter
1364 2095 1564 2158 regna
1596 2074 1734 2139 fore
1773 2073 2294 2158 prosperandam
2337 2094 2453 2157 per
2485 2084 2784 2137 mutuam
2814 2071 3239 2137 dileccionem

535 2197 702 2260 inter
765 2196 982 2279 ipsum
1042 2192 1405 2261 vocatum⁴
1471 2217 1694 2280 regem
1757 2195 2158 2260 Francorum
2229 2205 2297 2260 et
2354 2193 2700 2260 dominum
2765 2215 2957 2259 suum
3017 2214 3240 2278 regem

534 2315 799 2401 Anglie.
890 2315 1196 2382 Secundo
1241 2317 1437 2401 peciit
1482 2339 1523 2383 a
1564 2318 1826 2383 tiranno
1868 2319 2049 2401 quod
2095 2317 2394 2382 civitates
2438 2326 2505 2381 et
2544 2326 2775 2395 castra,
2821 2337 2938 2400 per
2983 2325 3239 2398 patrem

533 2438 773 2504 tiranni
820 2437 1150 2504 Karolum
1206 2439 1613 2524 proditorem
1665 2439 1730 2503 in
1791 2437 2203 2523 Aquitannia
2260 2449 2455 2524 capta
2500 2450 2567 2504 et
2619 2439 2706 2505 ab
2761 2438 2906 2523 ipso
2957 2439 3243 2516 detenta,

535 2558 809 2624 domino
842 2581 963 2624 suo
996 2560 1131 2644 regi
1168 2559 1379 2625 forent
1411 2561 1730 2625 restituta.
1821 2561 2076 2639 Tercio‚
2115 2562 2296 2643 quod
2336 2561 2664 2645 predictus
2700 2561 2991 2625 tirannus
3020 2560 3242 2624 dimit-

535 2689 702 2745 teret
733 2701 920 2745 suam
955 2701 1221 2745 manum
1263 2681 1744 2746 auxiliatricem
1780 2702 1821 2746 a
1860 2679 2080 2747 Scotis
2114 2681 2239 2746 sibi
2283 2680 2872 2765 impertinentibus‚
2902 2691 2969 2746 et
3014 2692 3243 2746 contra

538 2796 686 2861 illos
747 2796 995 2861 iuvaret
1058 2798 1309 2863 auxilio
1372 2797 1475 2862 vel
1542 2798 1818 2864 concilio
1875 2819 1990 2863 seu
2057 2798 2281 2863 favore
2338 2819 2528 2863 suum
2587 2809 2962 2882 cognatum,
3021 2818 3241 2882 regem

537 2916 823 3000 Anglie;
883 2928 1237 2982 annectens
1282 2917 1562 2984 finaliter
1605 2917 1949 2983 dominum
1996 2939 2189 2983 suum
2235 2940 2454 3003 regem
2501 2921 2905 3004 sepedictum
2951 2920 3074 2985 sub
3116 2919 3244 2984 hiis

538 3038 1030 3104 condicionibus
1067 3037 1389 3104 libenter⁵
1430 3051 1734 3124 paratum
1772 3041 2052 3124 propriis
2092 3041 2466 3124 sumptibus
2495 3041 2581 3106 ad
2619 3042 2894 3106 Terram
2927 3040 3244 3106 Sanctam

540 3157 864 3243 proficisci
885 3158 911 3197 ⁰
956 3168 1185 3225 contra
1230 3159 1527 3226 inimicos
1581 3160 1787 3226 crucis
1843 3160 2090 3227 Christi
2140 3182 2289 3226 cum
2345 3162 2458 3227 illo
2505 3173 2745 3227 vocato
2797 3183 2949 3245 rege
3003 3163 3246 3228 Franc-

540 3299 749 3345 orum.
841 3278 957 3344 Ad
1002 3279 1125 3345 hec
1169 3280 1464 3346 tirannus
1508 3282 1906 3348 adiudicavit
1951 3304 2174 3366 regem
2227 3282 2473 3366 Anglie
2517 3283 2856 3366 indignum
2907 3304 3027 3348 sua
3078 3283 3244 3347 ami-

540 3401 719 3478 cicia,
762 3401 1079 3484 quamdiu
1124 3412 1352 3467 contra
1393 3423 1549 3468 suos
1592 3404 1842 3468 amicos
1878 3403 2138 3479 Scotos,
2181 3404 2355 3469 viros
2401 3405 2607 3468 iustos
2650 3413 2718 3468 et
2762 3403 2942 3469 omni
2984 3404 3244 3481 racioni,

541 3531 615 3586 ut
645 3505 941 3598 asseruit,
976 3521 1247 3587 obedire
1282 3535 1568 3607 parat03‚
1598 3545 1901 3607 guerram
1941 3526 2249 3590 iniustam
2286 3535 2639 3602 exerceret,
2674 3543 2795 3589 nec
2829 3524 3120 3589 animum
3157 3527 3245 3591 ad

540 3642 824 3727 aliquem
880 3662 1073 3726 posse
1125 3643 1515 3710 benevolum
1568 3666 1640 3711 se
1693 3644 1952 3725 habere,
1996 3647 2109 3730 qui
2164 3645 2327 3723 illos,
2369 3646 2617 3711 scilicet
2663 3644 2917 3723 Scotos,
2961 3656 3102 3710 tam
3150 3647 3245 3710 in-

541 3763 914 3828 humaniter
969 3766 1340 3848 guerrando
1386 3777 1677 3833 vexaret.
1781 3767 1899 3835 Ad
1951 3768 2306 3833 secundam
2352 3768 2746 3852 peticionem
2791 3768 3000 3832 noluit
3056 3768 3247 3834 aliter

542 3884 909 3950 consentire
960 3905 1158 3968 quam
1212 3888 1392 3969 quod
1450 3908 1741 3972 expense
1790 3898 1857 3953 et
1910 3890 2203 3973 dampna
2249 3888 2458 3954 forent
2512 3887 2832 3965 restituta,
2883 3908 3014 3971 que
3058 3902 3247 3974 pater

544 4027 700 4071 suus
736 4005 1025 4071 Karolus
1060 4007 1146 4072 de
1180 4006 1452 4075 Valesio
1488 4010 1730 4094 recepit
1766 4021 1833 4075 et
1868 4012 2176 4095 exposuit
2214 4009 2278 4074 in
2308 4010 2638 4076 Vasconia
2675 4009 3038 4076 militando.
3128 4011 3247 4078 Ad

685 4165 703 4198 ¹
744 4184 902 4239 quaS.
942 4170 1008 4224 Β.
1046 4170 1110 4226 C.
1288 4169 1312 4201 ⁸
1346 4187 1454 4226 om·
1492 4173 1558 4229 B.
1734 4171 1756 4203 ³
1792 4172 1947 4227 Phil.
1970 4213 1987 4228 .
2014 4212 2028 4227 .
2056 4212 2069 4226 .
2095 4169 2512 4243 vocatum10m.
2539 4174 2604 4228 C.
2815 4173 2839 4206 ⁴
2873 4192 2980 4231 om.
3019 4175 3084 4229 C.

1172 4255 1195 4289 ⁶
1228 4268 1285 4315 et
1308 4258 1557 4315 libenter.
1597 4262 1660 4316 C.
2081 4259 2103 4292 ⁶
2138 4261 2529 4331 profecturum.
2566 4264 2612 4318 C
