4154 4895
1386 269 1861 327 CHRONJCUL
1871 271 2002 327 ΗΜ
2043 271 2465 327 GALFRJDJ.
3139 285 3161 329 1
3175 279 3261 347 57

555 469 690 534 duo
716 466 1064 534 luminaria
1094 488 1355 552 magna,
1377 468 1679 534 videlieet
1710 468 1944 548 solem,
1968 468 2194 536 lunam
2225 479 2293 535 et
2323 470 2563 546 stellas,
2589 491 2719 554 que
2750 470 2964 536 celum
2998 481 3251 549 ornant,

557 603 797 657 terram
828 589 1213 670 illuminant,
1243 599 1675 675 temporaque
1713 592 2129 675 distingunt3
2175 601 2242 656 et
2274 593 2493 675 posuit
2532 589 2648 656 ea¹
2700 594 2765 656 in
2808 592 3248 659 firmamento.

731 710 985 796 Quinto
1028 711 1138 777 die
1181 712 1439 777 ornavit
1483 713 1670 777 Deus
1711 733 1932 778 aerem
1980 725 2048 779 et
2100 734 2365 797 aquam,
2417 712 2717 778 volatilia
2769 714 2938 779 dans
2984 714 3134 792 aeri,
3184 725 3252 780 et

560 834 867 899 natancia
908 834 1117 918 aquis,
1162 845 1232 899 et
1277 844 1553 917 utraque
1596 856 1684 899 ex
1730 835 1919 918 aquis
1964 835 2143 900 fecit.

733 954 947 1020 Sexto
992 955 1100 1020 die
1135 955 1287 1020 fecit
1329 956 1640 1033 iumenta,
1672 956 1935 1034 bestias,
1966 966 2032 1021 et
2079 955 2358 1040 reptilia,
2391 957 2476 1021 ad
2523 966 2695 1022 terre
2737 956 2974 1021 faciem
3020 976 3256 1021 ornan-

557 1077 735 1141 dam.
849 1075 1227 1142 Novissime
1272 1086 1497 1142 autem
1546 1077 1613 1141 in
1672 1078 2254 1142 consummacione
2307 1077 2600 1142 omnium
2660 1077 3014 1161 plasmavit
3066 1077 3254 1143 Deus

557 1196 897 1262 hominem
932 1198 1020 1263 de
1049 1197 1209 1263 limo
1238 1208 1412 1263 terre
1443 1199 1510 1261 in
1542 1219 1703 1282 agro
1734 1199 2196 1276 Damascen03
2242 1198 2346 1263 cui
2378 1200 2568 1264 dedit
2596 1199 2899 1282 spiritum
2930 1199 3015 1263 ad
3058 1220 3248 1283 yma-

556 1318 780 1402 ginem
812 1329 880 1384 et
909 1320 1406 1385 similitudinem
1436 1339 1626 1384 suam
1657 1329 1969 1400 creatum,
1993 1331 2059 1385 et
2090 1332 2399 1386 vocatum
2431 1331 2533 1385 est
2564 1341 2806 1385 nomen
2840 1320 2978 1385 eius
3003 1320 3253 1384 Adam.

558 1440 1055 1525 Transtulitque
1085 1462 1235 1505 eum
1265 1440 1331 1505 in
1373 1442 1749 1525 paradisum
1778 1440 2159 1525 voluptatis,
2190 1452 2275 1519 et,
2307 1462 2388 1505 ne
2421 1442 2635 1505 minor
2667 1449 2844 1506 esset
2881 1441 3160 1507 felicitas
3189 1442 3244 1506 si

558 1573 863 1628 consorte
893 1573 1161 1638 careret,
1195 1562 1349 1645 quia
1388 1563 1530 1626 sine
1558 1564 1739 1628 socio
1781 1562 1962 1626 nulla
1994 1574 2094 1628 est
2136 1563 2417 1627 iocunda
2457 1562 2806 1645 possessiO,
2838 1561 2989 1629 fecit
3032 1563 3247 1627 Evam

558 1684 643 1748 de
673 1695 858 1749 costa
888 1683 1047 1749 Ade
1075 1684 1478 1763 dormientiS,
1509 1694 1582 1749 ut
1613 1692 1789 1749 esset
1820 1686 1880 1749 ei
1911 1684 2317 1749 adiutorium
2348 1684 2558 1749 simile
2586 1685 2730 1749 sibi.

733 1802 1046 1870 Seculum
1106 1806 1649 1889 generacionibus
1710 1816 1778 1871 et
1837 1790 2356 1871 successionibus
2402 1814 2708 1884 constat3
2776 1806 3015 1871 dicitur
3073 1806 3246 1870 enim

559 1927 850 1992 seculum
899 1948 979 1992 eo
1028 1929 1208 2010 quod
1252 1948 1326 1992 se
1370 1938 1699 2010 sequatur,
1731 1927 1885 2010 quia
1937 1928 2331 1992 abeuntibus
2369 1925 2516 1992 aliis
2559 1925 2689 1991 alia
2731 1928 3137 2006 succedunt3
3182 1938 3252 1992 et

559 2049 728 2127 ide0‚
761 2047 1095 2132 loquendo
1140 2048 1227 2113 de
1271 2046 1513 2125 seculo,
1544 2049 1906 2114 videndum
1943 2058 2048 2113 est
2093 2048 2327 2132 primo,
2375 2056 2541 2131 quot
2584 2059 2737 2112 sunt
2785 2058 2997 2113 etates
3041 2049 3243 2115 seculi

559 2171 798 2254 quibus
840 2171 1065 2235 omnia
1104 2169 1326 2235 secula
1364 2170 1827 2254 distinguntur.
1921 2169 2030 2249 Et,
2062 2171 2232 2236 sicut
2262 2169 2449 2235 Deus
2481 2190 2599 2253 per
2627 2168 2712 2252 vj.
2744 2169 2887 2234 dies
2924 2173 3248 2236 mundum

559 2292 805 2357 creavit
834 2301 903 2356 et
943 2291 1199 2356 ornavit
1230 2300 1300 2356 et
1344 2292 1409 2355 in
1449 2293 1736 2376 septimo
1782 2291 2119 2375 requievit,
2151 2291 2242 2355 ita
2285 2289 2580 2356 seculum
2612 2312 2732 2374 per
2759 2290 2846 2373 vj.
2878 2302 3090 2358 etates
3129 2293 3260 2358 dis-

558 2414 899 2499 tinguitur,
932 2424 998 2479 et
1046 2413 1112 2477 in
1157 2413 1458 2497 septima,
1487 2413 1794 2479 videlicet
1839 2424 1994 2498 post
2042 2412 2241 2477 finem
2290 2412 2535 2491 mundi,
2569 2413 2691 2478 erit
2739 2413 2923 2478 iustis
2953 2414 3141 2498 quies
3187 2426 3253 2480 et

556 2534 785 2620 gloria,
817 2536 1071 2601 iniustis
1114 2556 1273 2600 vero
1321 2556 1494 2620 pena
1539 2545 1783 2600 eterna.

733 2657 839 2721 De
881 2677 1156 2721 numero
1198 2666 1421 2721 autem
1464 2651 1741 2732 etatum,
1771 2658 1982 2739 prima
2016 2657 2242 2741 incipit
2284 2658 2371 2723 ab
2401 2658 2654 2742 origine
2686 2659 2934 2735 mundi,
2969 2670 3037 2724 et
3065 2660 3262 2726 durat

559 2797 770 2861 usque
813 2778 899 2842 ad
946 2778 1101 2842 Noe
1142 2777 1475 2853 inclusive,
1507 2778 1863 2855 continens,
1896 2780 2261 2844 secundum
2292 2778 2693 2853 Ysodorum,
2723 2781 2954 2845 decem
2986 2802 3260 2864 genera-

559 2899 782 2964 ciones
813 2909 880 2963 et
919 2920 1130 2965 annos
1160 2902 1297 2965 duo
1329 2899 1535 2964 millia
1572 2899 1821 2982 cc.liiij.
1914 2899 2224 2965 Secunda
2255 2909 2397 2965 etas
2430 2901 2655 2985 incipit
2685 2921 2726 2964 a
2767 2901 2919 2967 Noe
2956 2913 3021 2967 et
3060 2903 3255 2967 durat

560 3041 768 3104 usque
819 3022 904 3085 ad
964 3019 1313 3086 Abraham
1375 3021 1729 3100 exclusive,
1783 3030 1852 3086 et
1911 3022 2205 3087 continet
2266 3022 2356 3085 ix.
2415 3023 2884 3106 generaciones
2931 3034 2999 3088 et
3050 3043 3259 3088 annos

561 3141 981 3225 D.cccc.xlij.
1070 3140 1307 3208 Tereia
1352 3153 1495 3208 etas
1543 3144 1771 3226 incipit
1815 3144 1900 3207 ab
1929 3142 2281 3209 Abraham
2313 3152 2382 3208 et
2424 3144 2615 3207 durat
2653 3163 2863 3226 usque
2897 3144 2984 3208 ad
3017 3145 3257 3218 David,

557 3272 625 3328 et
657 3263 953 3329 continet
982 3284 1103 3326 xx.
1129 3265 1593 3348 generaciones
1624 3275 1692 3329 et
1721 3264 2167 3330 successiones
2199 3275 2266 3329 et
2296 3284 2506 3329 annos
2552 3265 2916 3329 D.CCCC.xl.
3006 3264 3261 3348 Quarta

559 3395 701 3449 etas
733 3385 964 3469 incipit
1008 3406 1048 3449 a
1081 3385 1300 3449 David
1344 3395 1411 3451 et
1442 3387 1639 3451 durat
1671 3406 1879 3469 usque
1922 3386 2008 3450 ad
2041 3386 2689 3468 transmigracionem
2732 3385 2902 3450 Iuda
2947 3386 3011 3450 in
3055 3386 3256 3452 Babi-

555 3506 796 3582 lonem,
831 3506 1173 3571 continens
1220 3526 1339 3570 xx.
1371 3508 1832 3589 generaciones
1863 3517 1931 3572 et
1969 3507 2415 3572 successiones
2458 3517 2526 3571 et
2571 3526 2776 3570 annos
2806 3507 3253 3591 cccc.lxxvij.

558 3627 810 3711 Quinta
835 3637 975 3691 etas
1008 3627 1233 3711 incipit
1263 3649 1304 3692 a
1336 3630 1920 3712 transmigracione
1946 3627 2306 3707 Babilonis‚
2331 3638 2397 3692 et
2421 3628 2616 3692 durat
2646 3647 2854 3710 usque
2878 3629 2964 3693 ad
2997 3630 3244 3694 adven-

558 3760 703 3814 tum
752 3747 1139 3824 Salvatoris,
1183 3749 1531 3814 continens
1576 3749 1793 3832 xxiiij.
1838 3750 2303 3834 generaciones
2347 3758 2414 3814 et
2458 3748 2901 3814 successiones
2932 3759 3000 3813 et
3045 3769 3253 3815 annos

559 3886 795 3936 D.xxv.
896 3868 988 3933 Et
1030 3879 1131 3934 est
1175 3890 1437 3934 summa
1477 3871 1984 3954 generacionum
2031 3881 2099 3935 et
2139 3870 2624 3935 successionum
2666 3870 2752 3934 ab
2784 3870 2979 3935 inicio
3023 3871 3253 3937 mundi

558 4010 770 4074 usque
806 3991 1168 4056 adventum
1210 3991 1455 4057 Christi
1498 3991 1784 4074 lxxxiij.,
1825 3994 2186 4058 secundum
2216 3991 2618 4066 Ysidorum3
2664 4011 2925 4056 summa
2954 4012 3107 4057 vero
3138 4013 3253 4058 an-

556 4132 791 4178 norum
821 4102 1267 4196 V.c.xxxviij:
1313 4123 1815 4197 verumptamen
1856 4115 2220 4178 secundum
2255 4113 2582 4191 Orosium,
2613 4113 2716 4177 cui
2761 4114 3053 4179 maxime
3096 4134 3252 4180 con-

1781 4232 1797 4264 ¹
1838 4250 1954 4290 eaS.
1983 4235 2048 4288 B.

3348 2065 3388 2114 1.
3413 2060 3562 2116 149⁸.
