4154 4895
1248 310 1359 363 LE
1402 310 1694 365 BAKER
1737 310 1859 365 DE
1899 311 2524 370 SWYNEBROKE.
3152 325 3238 388 49

528 528 704 572 anno
749 507 1001 592 quinte,
1046 507 1256 573 tenuit
1316 530 1435 573 rex
1494 507 1923 592 solempniter
1979 508 2226 574 Natale
2277 510 2457 593 apud
2518 509 2826 575 Welliam
2888 529 3095 594 usque
3152 508 3239 574 ad
3276 532 3419 580 aa).
3436 533 3591 586 1³31.

530 627 996 714 Epiphaniam,
1029 629 1142 693 ubi
1175 629 1424 694 fiebant
1471 628 1682 694 multa
1730 629 2057 695 mirabilia
2087 641 2498 715 sumptuosa.
3276 660 3559 711 Christmas

703 749 797 814 Et
833 750 1004 816 circa
1035 750 1273 814 festum
1312 750 1520 816 sancti
1555 749 1902 815 Laurencii
1941 751 2254 836 proximo
2285 773 2562 834 sequens
2597 751 2778 816 venit
2816 751 2881 815 in
2913 750 3236 836 Angliam
3273 727 3570 858 ἓξῗὲζῗ

527 869 836 935 dominus
883 872 1252 936 Edwardus
1296 871 1382 935 de
1429 870 1686 954 Baylol,
1731 871 1904 936 filius
1949 881 2015 936 et
2045 872 2234 937 heres
2282 873 2595 939 Iohannis
2640 873 2811 957 regis
2865 872 3235 950 Scotorum,
3273 845 3590 963 Expedition-

527 993 883 1074 quondam,
917 1002 990 1057 ut
1019 993 1274 1058 dictum
1310 1001 1427 1069 est,
1460 993 1769 1057 exulatus
1791 991 1833 1071 ¹,
1866 993 2208 1059 declarans
2242 995 2341 1058 ius
2379 996 2560 1077 quod
2590 994 2824 1060 habuit
2864 995 2929 1058 in
2960 1014 3235 1079 regnum
3274 962 3587 1078 (ᾗᾞῗᾷῗξζῗο

530 1110 799 1191 Scocie;
840 1114 944 1178 cui
981 1115 1332 1178 adeserunt
1364 1113 1673 1178 dominus
1715 1113 2044 1179 Henricus
2081 1116 2167 1179 de
2205 1113 2394 1180 Bello
2420 1126 2646 1181 monte
2670 1127 2736 1179 et
2763 1115 2985 1180 David
3013 1134 3236 1181 comes
3274 1093 3527 1145 Scotland.

531 1232 800 1298 Dassels
846 1243 911 1298 et
960 1234 1285 1299 Ricardus
1331 1234 1617 1300 Talebot
1663 1245 1730 1299 et
1775 1235 2085 1300 dominus
2133 1235 2462 1300 Radulfus
2520 1236 2606 1300 de
2666 1234 2962 1301 Stafsord
3022 1233 3237 1302 baro²

528 1364 594 1418 et
630 1354 836 1420 Fulco
873 1353 1045 1419 filius
1081 1354 1399 1418 Willelmi
1437 1364 1503 1419 et
1542 1355 1731 1419 multi
1769 1355 1881 1419 alii
1912 1356 2185 1434 nobiles,
2222 1364 2587 1420 asserentes
2623 1377 2693 1421 se
2731 1356 2831 1420 ius
2867 1356 3111 1420 habere
3145 1357 3234 1421 ad

529 1486 733 1540 terras
779 1484 845 1540 et
893 1477 1339 1560 possessiones
1387 1476 1451 1540 in
1498 1477 1679 1541 dicto
1725 1497 1928 1559 regno
1962 1475 2212 1554 Scocie,
2246 1477 2384 1541 iure
2414 1476 2816 1543 hereditario
2860 1478 2963 1542 vel
2996 1479 3233 1543 dotum

530 1618 813 1663 uxorum
859 1618 1124 1662 suarum
1170 1597 1296 1661 sibi
1343 1597 1622 1675 debitaS,
1667 1606 1766 1661 set
1804 1618 1921 1681 per
1966 1607 2309 1681 magnates
2347 1596 2580 1663 Scocie
2626 1600 2926 1663 detentas
2974 1599 3232 1663 iniuste.

530 1718 727 1782 Unde
757 1718 1171 1803 postularunt
1203 1718 1544 1782 licenciam
1575 1727 1641 1782 et
1673 1718 1998 1782 auxilium
2036 1740 2077 1784 a
2110 1739 2262 1802 rege
2298 1717 2548 1801 Anglie
2584 1739 2858 1802 regnum
2899 1729 2967 1783 et
3004 1719 3235 1802 predia

526 1840 650 1903 sibi
687 1841 914 1905 debita
945 1840 1391 1924 recuperandi.
1480 1839 1730 1905 Verum
1777 1860 1897 1903 rex
1932 1838 2198 1923 Anglie,
2236 1839 2803 1923 contemplacione
2838 1840 3021 1924 pacis
3067 1839 3236 1904 inter

528 1981 725 2044 regna
768 1982 975 2044 nuper
1019 1960 1194 2027 facte
1238 1972 1437 2043 atque
1482 1961 1723 2024 sororis
1768 1981 1885 2024 sue
1931 1961 2151 2043 regine
2199 1959 2448 2038 Scocie,
2493 1980 2624 2026 non
2670 1960 2969 2045 permisit
3008 1959 3233 2045 ipsos⁸

528 2102 642 2165 per
700 2090 942 2146 terram
1003 2103 1191 2146 suam
1247 2081 1519 2165 aggredi
1570 2080 1872 2146 Scociam
1918 2100 2069 2145 cum
2118 2101 2314 2146 manu
2375 2092 2800 2147 armatorum.
2877 2081 3233 2166 Propterea

526 2204 775 2267 domini
849 2203 1127 2288 predicti
1203 2203 1377 2267 nacti
1452 2203 1812 2286 navigium,
1889 2223 2067 2267 mare
2143 2202 2505 2285 Anglicum
2567 2201 2857 2286 ingressi,
2925 2201 3231 2267 Scociam

527 2323 916 2390 velificando
961 2324 1317 2408 pecierunt,
1350 2332 1416 2387 et
1447 2323 1626 2408 apud
1667 2321 2082 2387 Clinkhorn⁴
2120 2324 2311 2388 iuxta
2342 2322 2682 2388 abathiam
2714 2324 2800 2388 de
2836 2322 3231 2388 Donferme-

527 2444 662 2509 lin⁶
709 2445 905 2511 litora
956 2455 1373 2530 capescentes
1436 2466 1749 2529 magnam
1812 2444 2257 2510 resistenciam
2317 2456 2383 2509 et
2446 2444 2784 2530 inopinam
2838 2442 3230 2509 habuerunt.

527 2565 644 2631 Set
699 2567 956 2651 pedites
1000 2551 1270 2650 Anglici
1318 2568 1509 2650 pauci
1563 2587 1854 2645 numero,
1915 2567 2186 2631 celerius
2238 2576 2481 2631 terram
2532 2566 2959 2650 applicanteS,
3000 2586 3229 2631 omnes

525 2686 762 2754 Scotos
808 2689 1039 2754 obvios
1085 2688 1541 2772 compulerunt
1589 2689 1653 2752 in
1713 2689 1938 2771 fugam
1984 2685 2144 2752 ‘cum
2192 2687 2453 2751 illorum
2499 2687 2796 2764 ducibuS,
2842 2686 3085 2752 comite
3144 2687 3229 2751 de

525 2808 690 2892 Fyse
728 2820 794 2873 et
834 2809 1133 2875 Roberto
1174 2810 1233 2874 le
1267 2810 1433 2874 Brus
1453 2809 1496 2887 ⁶,
1528 2809 1665 2875 filio
1699 2804 2043 2896 R[oberti]
2080 2811 2416 2891 quondam
2449 2807 2664 2891 regis⁷
2692 2833 2708 2886 ;
2755 2817 2840 2885 et,
2870 2817 3226 2891 antequam

522 2931 848 2995 exercitus
893 2941 1297 2997 armatorum
1343 2933 1428 2996 ad
1476 2931 1629 2995 litus
1676 2939 1935 3014 poterat
1983 2930 2282 2995 incedere
2341 2929 2659 3008 ordinate,
2722 2928 2946 2993 multis
3008 2927 3228 2995 Scotis

525 3049 894 3128 intersectis,
923 3051 1171 3116 vexilla
1211 3053 1526 3116 Edwardi
1566 3050 1805 3134 Baylol
1850 3060 1916 3115 et
1962 3050 2244 3115 aliorum
2305 3051 2727 3115 dominorum
2773 3050 2951 3134 apud
3000 3050 3227 3135 Deop-

520 3171 805 3255 plinmor
840 3170 1111 3256 pacifice
1146 3181 1297 3236 sunt
1340 3171 1544 3238 affixa
1563 3169 1608 3235 ⁸.
1701 3172 1938 3237 Postea
1984 3191 2160 3249 vero,
2211 3170 2319 3234 die
2367 3171 2576 3235 sancti
2637 3170 3002 3247 Laurencii‚
3045 3173 3225 3255 apud
3266 3193 3415 3244 Total

524 3291 962 3357 Glastimore⁹
1010 3291 1379 3358 habuerunt
1437 3313 1706 3376 gravem
1759 3292 2157 3369 conflictum,
2204 3291 2316 3355 ubi
2363 3293 2498 3356 duo
2545 3292 2726 3355 milia
2784 3290 3222 3373 Anglicorum
3263 3259 3530 3384 ῗζξεέζᾶξ,

519 3413 813 3478 vicerunt
843 3414 1286 3513 quadraginta
1325 3415 1505 3478 milia
1546 3413 1919 3492 Scotorum,
1949 3434 2064 3498 pre
2112 3412 2535 3477 multitudine
2571 3420 2637 3475 et
2677 3431 2977 3495 pressura
3013 3411 3222 3476 eciam
3270 3392 3502 3518 mssssffi·

520 3555 591 3599 se
623 3535 801 3619 ipsos
831 3535 1375 3619 opprimendum,
1405 3536 1490 3600 de
1518 3535 1758 3619 quibus
1791 3536 2083 3619 quinque
2125 3534 2400 3599 comites
2431 3543 2496 3597 et
2527 3532 2639 3598 alii
2679 3531 2869 3596 multi
2904 3532 3221 3597 interfecti

518 3665 587 3720 et
608 3652 664 3693 ¹⁰
689 3657 984 3740 oppressi
1008 3656 1286 3721 fuerunt.
1350 3657 1426 3720 In
1457 3658 1742 3722 crastino
1765 3656 2032 3740 Anglici
2055 3666 2367 3738 ceperunt
2396 3654 2621 3718 villam
2654 3653 2863 3717 sancti
2892 3653 3223 3731 IohanniS,

517 3778 913 3844 victualibus
959 3780 1260 3844 refertam
1301 3788 1370 3844 et
1416 3780 1581 3843 bene
1618 3779 1960 3857 munitam,
1997 3797 2199 3862 quam
2237 3787 2468 3861 postea
2504 3795 2634 3841 non
2675 3795 2880 3859 parvo
2925 3783 3225 3859 tempore

591 3995 609 4028 ¹
647 3996 870 4053 exulati.
908 3998 973 4052 B.
1422 3996 1445 4029 ²
1480 4009 1613 4053 tunc
1638 3999 1777 4053 baro
1802 3997 1873 4052 de
1901 3995 2199 4053 stafforde.
2238 3995 2303 4051 C.
2692 3989 2716 4022 ⁸
2750 4008 2858 4047 om.
2898 3991 2962 4047 C.

590 4083 614 4114 ⁴
655 4085 980 4141 Chukhorn.
1019 4085 1083 4141 C.
1268 4083 1290 4116 ⁶
1329 4086 1792 4157 Dounsermelyn.
1832 4087 1897 4141 C.
2077 4083 2099 4115 ⁶
2134 4086 2337 4153 BruyS.
2376 4083 2441 4138 C.
2606 4077 2629 4111 ⁷
2667 4080 2781 4135 filio
2807 4077 3042 4149 antiqui.
3082 4078 3146 4133 C.

588 4170 612 4202 ⁸
646 4172 810 4244 apud
827 4213 841 4228 .
867 4212 881 4228 .
908 4212 922 4228 .
946 4170 1142 4246 affixa]
1177 4174 1346 4246 apide
1383 4173 1617 4245 pacifice
1650 4183 1783 4229 sunt
1812 4173 1996 4229 affixa.
2032 4174 2139 4241 B.;
2187 4171 2356 4242 apide
2388 4169 2623 4240 pacifice
2657 4179 2786 4223 sunt
2816 4164 3225 4238 Deopplinmor

515 4261 699 4318 affixa.
737 4262 802 4317 C.
1369 4264 1390 4290 “
1428 4262 1767 4318 Glustemor.
1806 4262 1869 4318 C.
2012 4321 2021 4330 .
2440 4255 2483 4289 ¹⁰
2515 4257 2711 4313 eciam.
2751 4257 2816 4313 C.

1840 4380 1893 4430 Η
