4154 4895
946 302 973 347 1
986 285 1069 369 38
1813 289 1862 345 C
1860 288 2187 346 HRONIC
2188 290 2308 345 ΟΝ
2352 289 2766 346 GALFRIDJ

600 500 916 557 Qum&
953 486 1190 555 larium
1254 486 1658 553 Francorum
1704 496 1774 552 et
1825 487 2138 553 comitem
2187 486 2808 555 Arminiacensem¹
2873 487 2953 554 lis
3017 508 3152 553 non
3214 488 3480 553 modica
3537 473 3664 553 suit

610 871 670 925 ²7
706 859 840 911 Nov.

611 1967 677 2136 ‘33

679 3458 864 3508 tm.

952 620 1193 676 exorta
1240 629 1362 694 pro
1408 629 1490 675 eo
1533 608 1736 693 quod,
1779 609 2025 676 comite
2079 611 2510 693 promittente
2561 610 2808 676 bellum
2854 612 2940 676 ad
2989 610 3252 675 illorum
3306 609 3662 675 utilitatem

952 730 1332 809 ineundum,
1385 729 1591 795 nihilo
1638 730 1833 808 sacto,
1884 750 2039 796 cum
2100 732 2432 798 dedecore
2492 732 2735 817 pluries
2796 731 3121 817 sugerunt,
3179 732 3362 815 quod
3421 732 3664 796 eiidem

953 851 1181 918 comiti
1227 852 1350 917 suit
1396 852 1819 937 imputatum.
1914 852 2043 917 Die
2088 852 2367 919 Veneris
2410 853 2827 933 transierunt,
2858 862 2959 919 set
3002 853 3320 929 districte,
3352 872 3664 937 magram

954 993 1220 1057 aquam,
1250 984 1319 1039 et
1349 974 1611 1039 residuo
1640 973 1771 1039 diei
1803 973 1972 1039 inter
1999 973 2194 1039 villas
2226 986 2517 1040 muratas
2546 983 2614 1040 et
2645 986 2864 1041 castra
2895 974 3115 1051 forcia,
3137 975 3357 1041 media
3386 974 3667 1040 cohorte

956 1093 1023 1160 in
1055 1094 1211 1160 villa
1239 1094 1325 1159 de
1356 1094 1417 1159 le
1462 1093 1671 1160 Serde
1700 1095 2012 1179 ospitata.
2107 1094 2314 1161 Istam
2345 1095 2591 1175 villam,
2622 1116 2752 1161 una
2799 1096 2986 1163 leuca
3029 1096 3387 1162 distantem
3418 1117 3458 1160 a
3489 1095 3668 1159 bona

956 1214 1113 1281 villa
1159 1217 1247 1281 de
1292 1214 1638 1293 Condone,
1684 1217 1827 1281 dux
1883 1215 2265 1283 Lancastrie
2311 1218 2649 1301 quondam
2698 1218 3001 1293 vastavit,
3047 1230 3114 1283 et
3176 1218 3317 1283 eius
3373 1230 3666 1283 castrum

957 1336 1208 1422 dirupit
1252 1348 1454 1421 atque
1496 1335 1645 1402 solo
1688 1338 2057 1421 coequavit.
2151 1337 2474 1416 Sabbato,
2515 1340 2806 1423 quadam
2837 1358 3013 1423 aqua
3051 1358 3204 1405 cum
3250 1337 3670 1404 districcione

962 1470 1383 1535 transmeata,
1416 1459 1736 1523 intrarunt
1767 1457 2071 1524 strictum
2106 1459 2481 1543 passagium
2519 1460 2832 1536 silvestre,
2863 1460 2975 1525 ubi
3016 1458 3204 1525 multi
3230 1459 3568 1525 Vascones
3595 1470 3666 1522 et

956 1601 1193 1646 omnes
1226 1579 1587 1645 Bernenses
1614 1579 1845 1645 habita
1876 1579 2147 1646 licencia
2191 1582 2629 1666 repatriarunt
2651 1607 2688 1685 ς.
2714 1591 2781 1647 et
2814 1580 2934 1647 suit
2966 1583 3299 1648 exercitus
3335 1580 3668 1665 ospitatus

958 1704 1045 1768 ad
1079 1702 1322 1767 bonam
1353 1701 1576 1767 villam
1618 1701 1801 1787 pacis
1835 1712 1903 1768 et
1943 1701 2202 1779 sortem,
2231 1722 2365 1786 que
2407 1724 2671 1788 semper
2714 1701 2835 1769 suit
2867 1702 3326 1787 Anglicorum,
3353 1714 3666 1767 vocatam

962 1822 1224 1906 Mesyn.
1315 1821 1474 1907 Quo
1517 1822 1629 1889 die
1656 1823 1919 1888 vexillis
1948 1821 2382 1908 complicatis,
2413 1836 2484 1889 ut
2522 1824 2587 1889 in
2625 1823 2769 1889 solo
2809 1823 3007 1909 pacis,
3038 1824 3340 1909 princeps
3378 1823 3668 1889 decrevit

960 1943 1422 2009 itinerandum.
1560 1942 1933 2022 Dominica‚
1996 1944 2061 2009 in
2121 1943 2346 2028 vigilia
2405 1946 2613 2011 sancti
2682 1944 2972 2022 Andree‚
3034 1946 3336 2030 princeps
3392 1944 3668 2028 quievit,

959 2072 1341 2145 recepturus
1370 2058 1754 2145 homagium
1786 2072 1857 2125 et
1883 2073 2296 2128 sacramenta
2327 2060 2586 2126 illorum
2618 2062 2707 2127 de
2735 2060 2910 2126 villa.
3003 2061 3058 2125 F
3059 2061 3193 2126 cria
3223 2060 3528 2135 secamda,
3555 2059 3666 2124 die

960 2180 1263 2248 videlicet
1294 2181 1504 2247 sancti
1537 2180 1844 2266 apostoli,
1876 2181 2107 2247 itinere
2137 2181 2338 2266 longo
2368 2203 2487 2267 per
2514 2194 2773 2248 vastam
2804 2182 3228 2247 solitudinem
3259 2183 3666 2247 devenenmt

961 2303 1048 2367 ad
1080 2301 1306 2368 villam
1335 2303 1420 2367 de
1455 2300 1723 2379 Gelous,
1756 2303 1866 2368 ubi
1900 2315 2050 2368 sunt
2083 2302 2209 2369 tria
2240 2314 2474 2381 castra,
2505 2323 2638 2369 uno
2683 2303 2943 2368 illorum
2989 2304 3056 2369 in
3091 2304 3369 2369 marisco
3399 2304 3668 2368 situato.

966 2423 1096 2490 Die
1131 2422 1383 2500 Martis,
1415 2422 1749 2509 principe²
1777 2424 1863 2490 ad
1900 2436 2188 2491 castrum
2234 2425 2319 2490 de
2366 2424 2612 2502 Melan,
2641 2425 2823 2510 quod
2870 2426 3083 2490 tribus
3126 2422 3332 2491 leucis
3374 2425 3580 2490 distat
3625 2444 3670 2490 a

958 2557 1179 2611 castro
1214 2544 1483 2622 Gelous,
1514 2547 1822 2630 ospitato,
1855 2544 2073 2631 plures
2104 2547 2192 2613 de
2231 2567 2352 2613 suo
2384 2548 2637 2631 ospicio
2677 2548 3071 2612 transierunt
3115 2546 3398 2633 patriam
3445 2545 3670 2612 silve-

960 2679 1131 2732 trem
1175 2679 1244 2733 et
1286 2679 1543 2733 vastam
1591 2669 1781 2733 iuxta
1828 2668 2299 2734 monasterium
2352 2666 2781 2734 cisterciense
2809 2680 3120 2734 vocatum
3171 2667 3666 2751 Montguilliam

960 2799 1029 2854 et
1075 2797 1259 2854 trans
1303 2788 1616 2854 forestam
1664 2790 1835 2873 regis
1879 2789 2130 2874 Anglie
2174 2800 2622 2875 nuncupatam
2671 2788 2830 2854 Bois
2875 2789 3151 2866 maiour,
3179 2788 3266 2854 ad
3311 2787 3534 2852 villam
3579 2790 3670 2853 de

966 2908 1229 2993 Regula
1274 2910 1591 2994 grandem
1641 2920 1709 2975 et
1758 2911 1927 2977 bene
1974 2911 2320 2988 munitam,
2372 2930 2575 2995 quam
2627 2931 2852 2977 comes
2899 2908 3148 2975 Derbie
3198 2910 3454 2975 dudum
3507 2929 3668 2974 con·

965 3030 1253 3115 quisivit‚
1296 3041 1368 3097 ut
1414 3043 1513 3096 est
1558 3052 1757 3116 supra
1798 3043 2075 3111 tactum,
2121 3043 2190 3098 et
2235 3031 2401 3097 infra
2445 3031 2578 3116 viij.
2616 3032 3031 3097 ebdomadas
3074 3052 3116 3096 a
3159 3031 3478 3116 capcione
3513 3031 3670 3095 ville

960 3162 1250 3219 castrum
1311 3154 1646 3219 redditum
1704 3154 2015 3239 suscepit.
2108 3153 2239 3219 Die
2300 3153 2608 3220 Mercurii
2668 3153 2980 3219 dominus
3038 3153 3340 3238 princeps
3397 3154 3670 3218 advenit

966 3272 1319 3358 Regulam,
1354 3275 1542 3341 cuius
1571 3276 1723 3359 equi
1753 3286 1822 3342 et
1852 3276 2176 3361 quadrige
2207 3275 2603 3341 transierunt
2650 3273 2896 3340 flumen
2938 3276 3023 3340 de
3054 3272 3366 3340 Geronde
3407 3273 3474 3337 in
3521 3273 3672 3339 loco

965 3396 1077 3461 ubi
1124 3416 1489 3480 numquam
1535 3407 1733 3462 antea
1782 3406 2152 3463 memoratu
2197 3395 2436 3480 aliquis
2483 3416 2692 3481 equus
2738 3395 3184 3461 transmeavit.
3277 3393 3354 3459 In
3407 3392 3670 3478 Regula

960 3517 1239 3583 concilio
1298 3516 1610 3602 principis
1673 3517 1996 3594 consulto,
2048 3518 2332 3582 ordinati
2394 3518 2661 3583 suerunt
2720 3516 3050 3603 principes
3109 3528 3176 3581 et
3239 3515 3522 3580 barones
3577 3517 3668 3581 sd

960 3638 1415 3722 hyemandum
1470 3638 1534 3703 in
1593 3638 1923 3706 distinctis
1980 3637 2144 3704 locis
2202 3659 2398 3724 super
2459 3638 2838 3715 marchiam,
2902 3636 3188 3722 patriam
3249 3635 3670 3702 intrinsecam

961 3760 1289 3826 Vasconie
1317 3772 1548 3825 contra
1574 3760 1903 3826 versucias
1934 3758 2341 3826 Gallicorum
2375 3760 2754 3845 protecturi,
2782 3758 2916 3844 qui,
2950 3779 2992 3823 a
3024 3757 3184 3824 locis
3211 3757 3308 3822 eis
3335 3759 3670 3842 deputatis

962 3894 1029 3947 et
1076 3880 1410 3965 sapienter
1455 3881 1807 3947 custoditis
1847 3882 2082 3947 crebro
2127 3881 2424 3965 digressi,
2478 3880 2725 3947 multos
2772 3879 3077 3964 egregios
3121 3879 3381 3944 labooes
3435 3899 3668 3963 super·

962 4015 1178 4080 arunt,
1222 4021 1343 4069 nec
1406 4002 1624 4066 minus
1690 4003 1930 4086 predas
1995 4002 2348 4090 opulentas
2418 4005 2507 4069 ab
2567 4001 2788 4067 hostili
2851 4001 3070 4086 patria
3141 3999 3540 4072 detulerunt.
3601 4001 3668 4063 in

1498 4259 1511 4290 ¹
1552 4261 2023 4319 Aminiacensem.
2066 4264 2131 4317 B.
2695 4261 2717 4294 ³
2754 4261 3028 4334 princeps.
3071 4259 3134 4314 Β.
