4154 4895
972 284 1093 343 ¹¹⁴
1848 274 2339 331 CIIRONICON
2384 275 2790 331 GALFRIDI

612 506 923 556 3521„st
964 468 1117 535 satis
1174 482 1783 554 quantumcumque
1840 473 2006 537 citra
2058 473 2462 557 condignum
2511 474 2866 559 predicatis
2929 472 3262 538 invidebat
3321 484 3676 538 coronatus

964 591 1388 665 Francorum,
1432 602 1498 657 et
1562 612 1677 676 per
1723 592 2272 676 indignacionem,
2332 616 2420 660 ex
2476 595 2739 671 invidia,
2785 615 3064 660 noverca
3127 594 3398 670 iusticie,
3451 593 3676 678 spurio

964 724 1159 798 partu
1198 714 1630 799 progenitam,
1674 713 2116 796 predictarum
2164 715 2433 779 laudum
2482 737 2796 800 precones
2834 715 3036 801 impie
3075 715 3259 780 iussit
3296 714 3676 799 decapitari,

613 835 887 953 ξ-Ῑιιῗέΰοο
967 831 1215 915 fingens
1260 836 1569 898 comitem
1616 854 1766 899 cum
1814 856 1932 898 sua
1979 837 2157 919 regia
2202 857 2411 902 uxore
2455 837 2724 901 nimiam
2772 836 3078 902 habuisse
3140 836 3674 907 familiaritatem,

614 978 779 1055 comte
963 964 1167 1037 atque
1212 975 1402 1018 suum
1452 954 1713 1019 fratrem
1764 955 1892 1019 lese
1939 957 2115 1039 regie
2161 958 2544 1039 magestatis
2592 957 2866 1023 Francie
2912 956 3107 1021 fuisse
3158 977 3360 1031 reum,
3406 958 3677 1039 quando

613 1032 870 1150 ᾶτῗρῖά
966 1096 1154 1140 suam
1214 1096 1481 1142 causam
1543 1075 1901 1140 duellarcm
1965 1078 2136 1161 regis
2196 1077 2443 1161 Anglie
2505 1079 2797 1143 examini
2863 1079 3216 1145 commisit.
3309 1076 3465 1141 Post
3528 1096 3674 1161 pre·

614 1165 903 1311 affetu
964 1197 1216 1262 dictum
1279 1196 1729 1275 fratricidium,
1792 1217 2068 1262 uxorem
2131 1219 2338 1276 suam,
2399 1195 2645 1264 filiam¹
2693 1198 2932 1263 nobilis
2992 1201 3161 1281 regis
3225 1196 3562 1271 Boemie²,
3609 1196 3674 1260 in

615 1314 890 1430 m‘i‘f,
967 1318 1173 1401 prelio
1232 1319 1316 1382 de
1381 1316 1638 1382 Cressi³
1693 1317 1947 1382 dudum
2007 1319 2224 1397 occisi,
2281 1319 2452 1384 fame
2509 1320 2699 1384 torsit
2755 1318 3005 1403 usque⁴
3066 1321 3150 1385 ad
3216 1329 3542 1395 mortem;
3605 1330 3672 1382 et

615 1445 781 1497 ‹ie-th.
965 1439 1204 1504 deinde
1238 1439 1580 1504 cuiusdam
1627 1439 1931 1504 monialis
1978 1438 2142 1503 sedis
2185 1440 2606 1525 amplexibus
2651 1452 2716 1504 et
2754 1441 3102 1506 concubitu
3165 1460 3356 1503 suum
3419 1440 3670 1521 regium

965 1558 1282 1624 honorem
1332 1559 1593 1636 sedavit,
1632 1579 1837 1644 usque
1880 1561 1966 1625 ad
2015 1560 2218 1643 ipsius
2261 1561 2714 1645 captivitatem
2765 1561 2826 1624 in
2874 1561 3050 1626 bello
3097 1559 3459 1627 Pictavensi
3509 1559 3674 1624 infra

966 1681 1322 1766 descripto.

616 1811 929 1860 A.n.1851.
1143 1801 1345 1867 Anno
1393 1800 1637 1866 Christi
1690 1801 1987 1885 M.CCC.lj.
2041 1814 2108 1867 et
2158 1804 2326 1886 regis
2387 1824 2570 1883 xxv„
2633 1818 2784 1888 post
2850 1803 3124 1869 octabas
3187 1802 3672 1868 Purificacionis

618 1942 931 1995 Parit-ment.
969 1923 1262 2007 Virginis
1328 1923 1630 2005 gloriose,
1694 1924 1757 1987 in
1825 1924 2262 2008 parliamento
2323 1923 2688 1989 Londoniis
2761 1926 2939 2009 apud
3009 1923 3672 1989 westmonasterium

616 2066 894 2115 emnium
967 2044 1319 2121 celebrato,
1349 2045 1657 2109 dominus
1694 2043 2019 2110 Henricus
2057 2042 2229 2109 filius
2265 2044 2529 2111 Henrici
2560 2047 2823 2112 comitis
2854 2044 3252 2121 Lancastrie,
3285 2044 3425 2129 ipse
3449 2064 3676 2111 come·

968 2165 1306 2232 Lincolnie
1326 2164 1370 2243 ⁸,
1404 2164 1774 2241 Leiccstrie,
1820 2164 2066 2230 Derbie
2105 2176 2171 2230 et
2205 2164 2680 2231 Grossimontis
2720 2180 2922 2252 atque
2962 2168 3046 2232 de
3091 2166 3420 2241 ferrariis,
3464 2164 3676 2230 sactus

964 2298 1064 2351 est
1110 2288 1251 2352 dux
1298 2285 1695 2361 Lancastrie,
1731 2286 1907 2351 datis
1948 2286 2073 2351 sibi
2123 2286 2534 2352 libertatibus
2578 2300 2780 2372 atque
2821 2288 3176 2373 privilegiis
3225 2284 3675 2352 munificencia

967 2408 1169 2492 regali
1215 2408 1437 2492 qualia
1482 2408 1698 2473 nullus
1742 2408 2061 2474 comitum
2110 2407 2419 2475 habebat.
2517 2409 2708 2486 Item,
2761 2410 3073 2476 dominus
3133 2406 3543 2474 Leunecius⁸
3587 2409 3676 2472 de

968 2530 1401 2614 Andewerpe,
1432 2531 1603 2612 regis
1636 2528 1824 2604 filius,
1857 2527 1929 2594 fit
1961 2550 2184 2596 comes
2223 2532 2307 2595 de
2355 2530 2734 2597 Holvcstria
2767 2532 2829 2595 in
2868 2531 3226 2615 Hybernia,
3257 2541 3322 2595 et
3363 2531 3676 2594 dominus

973 2651 1296 2716 Iohannes
1315 2651 1400 2716 de
1432 2649 1771 2722 Gandavo,
1804 2670 2155 2733 germanus
2185 2651 2342 2730 cius»,
2375 2650 2448 2717 fit
2480 2673 2704 2718 comcs
2739 2651 3237 2730 Richemundie,
3266 2663 3333 2716 et
3365 2649 3674 2714 dominus

973 2771 1302 2837 Radulsus
1330 2773 1415 2836 de
1447 2771 1827 2848 Stafl'ordia,
1860 2773 2115 2855 pridem
2149 2772 2330 2848 baro,
2359 2793 2582 2838 comes
2612 2774 2906 2838 eiusdem
2939 2774 3115 2838 tituli
3148 2773 3516 2839 creabatur.

619 2894 918 3010 81ὶὲῗεὶιί
1147 2892 1223 2957 1n
1268 2895 1563 2976 sequenti
1608 2891 2134 2976 Quadi-agesima
2175 2894 2427 2959 domini
2462 2893 2792 2959 Walterus
2833 2895 2917 2960 de
2951 2894 3199 2978 Magne
3225 2907 3290 2958 et
3342 2892 3674 2958 Robertus

617 3027 861 3159 εἴδη.
972 3014 1193 3092 Herle,
1237 3015 1621 3098 capitaneus
1667 3012 1942 3090 Calesie,
1987 3013 2365 3097 equitarunt
2416 3015 2479 3079 in
2543 3014 2910 3094 Franciam,
2955 3016 3140 3081 cuius
3189 3035 3428 3098 magna
3475 3013 3676 3097 plaga

965 3137 1350 3221 depredata,
1396 3136 1795 3200 reduxerunt
1844 3136 2192 3219 pecudum,
2253 3135 2476 3212 boum,
2536 3137 2759 3202 ovium
2819 3150 2884 3201 et
2947 3155 3298 3221 porcorum
3362 3153 3672 3216 magnam

965 3258 1268 3342 copiam;
1332 3258 1503 3320 unde
1550 3255 1877 3322 Calesiam
1927 3255 2020 3320 ita
2066 3254 2524 3332 refocillarunt,
2570 3258 2750 3339 quod
2798 3277 2926 3321 una
2989 3257 3250 3340 pinguis
3307 3275 3506 3320 vacca
3556 3255 3672 3317 vix

622 3387 899 3440 hilar-:os
966 3375 1210 3438 valeret
1258 3372 1393 3456 xvj.
1425 3373 1729 3438 denarios
1769 3371 2251 3456 sterlingorum.
2345 3372 2500 3438 Post
2535 3373 2672 3448 hec,
2703 3375 2871 3440 circa
2908 3373 3176 3450 Pascha,
3206 3373 3346 3436 dux
3385 3370 3674 3436 Laneu-

620 3520 908 3571 (ΜΔΝ...
967 3496 1092 3559 trie
1148 3495 1234 3559 de
1303 3493 1562 3559 Calesia
1623 3513 2003 3578 progressus
2064 3493 2127 3557 in
2189 3507 2410 3578 partes
2487 3495 2849 3559 maritimas
2916 3493 3185 3558 Artosie
3249 3507 3312 3557 et
3379 3491 3676 3557 Picardie

968 3617 1220 3680 exussit
1268 3615 1654 3679 suburbium
1706 3613 2038 3692 Bononie3
2101 3626 2197 3678 set
2248 3615 2591 3680 insiliendo
2636 3617 2786 3680 ville
2832 3635 2961 3680 non
3029 3614 3368 3700 prevaluit,
3429 3633 3549 3697 pro
3593 3633 3676 3676 eo

622 3747 706 3797 ne
728 3747 919 3798 uuek-
967 3736 1325 3802 dumtaxat
1384 3737 1563 3819 quod
1626 3735 1799 3801 scale
1860 3734 2115 3799 fuerunt
2184 3735 2376 3799 nimis
2435 3750 2636 3801 curte.
2731 3735 2965 3819 Itaque
3010 3735 3286 3799 vastavit
3335 3733 3674 3799 civitatem

619 3815 799 3946 {⁸1:⁸32
967 3859 1053 3923 de
1096 3856 1436 3922 Tirewane
1481 3871 1546 3922 et
1596 3868 1881 3941 portum,
1928 3856 2086 3921 item
2133 3857 2321 3920 villas
2366 3857 2451 3922 de
2499 3854 3008 3940 Faucunberge⁷
3053 3867 3119 3920 et
3167 3855 3451 3938 Staples,
3494 3869 3558 3918 et
3611 3855 3674 3916 in

968 3979 1323 4043 nominatis
1382 3978 1704 4063 portubus
1782 3977 2172 4043 incendebat
2237 3978 2454 4062 plures
2529 3997 2729 4059 quam
2795 3993 3060 4044 centum
3135 3987 3200 4040 et
3279 3995 3399 4040 xx.
3476 3995 3676 4038 nates

1044 4147 1059 4178 ¹
1096 4165 1203 4202 om.
1243 4148 1309 4203 C.
1660 4144 1681 4178 ⁸
1722 4148 1981 4218 Bounye.
2020 4147 2085 4202 C.
2441 4143 2462 4176 ⁸
2501 4147 2721 4216 cressy.
2761 4149 2828 4202 C.
3177 4141 3202 4174 ⁸
3235 4161 3342 4196 m.
3383 4143 3448 4198 C.

1039 4232 1064 4266 ⁸
1104 4235 1384 4289 Henricus
1411 4252 1601 4290 comes
1630 4235 1797 4290 Lanc.
1822 4246 1877 4291 et
1908 4234 2057 4290 Line.
2100 4234 2162 4289 C.
2379 4232 2400 4262 ⁸
2441 4234 2694 4288 Leucius.
2736 4235 2798 4288 C.
3015 4229 3034 4260 ἵ
3075 4231 3456 4300 ramberte.
3497 4229 3560 4284 C.
