4154 4895
948 298 1035 365 50
1838 283 2332 343 CHRONICON
2371 283 2478 341 GA
2486 282 2778 341 ιιι-κίοι

592 504 912 558 Lunai.
944 497 1288 553 tenuerunt
1311 484 1353 563 ¹,
1387 497 1454 552 et
1492 485 1619 552 hoc
1664 505 1793 550 non
1830 485 2121 549 humana
2158 494 2258 548 set
2293 483 2517 549 divina
2561 482 2821 548 virtute.
2915 480 3325 568 Ipsumque¹
3376 480 3644 565 Anglici

659 596 858 611 —
944 620 1103 675 tune
1138 618 1471 693 presentes
1502 607 1751 672 sactum
1791 606 2178 671 retulerunt.

599 705 823 825 w
1126 728 1280 794 Hoc
1318 748 1493 793 anno
1527 726 2057 811 archiepiscopus
2091 723 2599 801 cantuariensis,
2635 724 2905 789 visitans
2941 723 3258 789 diocesim
3300 722 3654 789 Batonien·

600 839 783 969 ffissp
947 870 1108 927 sem,
1139 849 1348 915 tenuit
1391 847 1637 915 Natale
1671 847 1851 932 apud
1890 844 2437 911 Wieveliscombe
2454 846 2499 923 ³,
2537 865 2690 929 rege
2729 847 2908 930 apud
2942 844 3273 921 Welliam‚
3305 857 3377 910 ut
3400 844 3652 909 dictum

602 970 843 1087 mpffiem
948 982 1067 1047 est,
1103 980 1558 1036 commorante
1578 966 1622 1031 ⁴.
1716 966 2061 1032 Mandavit
2109 965 2642 1051 archiepiscopus
2677 988 2747 1031 se
2777 965 2944 1031 velle
2975 966 3426 1031 visitacionem
3469 984 3656 1029 suam

602 1102 786 1166 binhop
807 1099 867 1150 os
952 1093 1017 1157 in
1048 1090 1322 1158 ecclesia
1354 1088 1720 1154 Exoniensi
1752 1087 2012 1154 incoare
2039 1086 2150 1151 die
2183 1086 2373 1151 Lune
2413 1087 2724 1171 proxima
2769 1098 2920 1171 post
2957 1087 3193 1152 festum
3235 1085 3659 1151 Assensionis

604 1168 797 1219 Μ’
954 1211 1226 1277 Domini
1249 1236 1267 1288 3
1312 1211 1496 1294 quod
1530 1230 1610 1274 ne
1641 1208 1823 1274 fieret
1867 1208 2216 1293 episcopus
2257 1206 2658 1272 Exoniensis
2702 1208 3080 1293 appellavit.
3173 1205 3312 1283 Set,
3353 1206 3481 1272 hoc
3521 1226 3652 1271 non

953 1333 1278 1407 obstante,
1301 1330 1481 1396 dieto
1517 1330 1627 1395 die
1659 1330 1846 1393 Lune
1874 1327 2148 1394 accessit
2170 1326 2704 1413 archiepiscopus
2734 1330 2820 1393 ad
2851 1327 3183 1394 civitatem
3221 1326 3502 1401 Exonie,
3527 1346 3657 1391 non

952 1452 1310 1538 permissus
1351 1449 1696 1517 ecclesiam
1742 1448 2033 1516 clausam
2082 1449 2324 1514 intrare
2375 1470 2495 1533 pre
2548 1448 2967 1514 multitudine
3018 1459 3422 1514 armatorum
3472 1449 3660 1511 παῖε·

953 1584 1152 1639 tente.

603 1700 746 1834 2¹?-
760 1698 920 1748 1⁸³⁸·
1127 1692 1334 1758 Anno
1365 1690 1639 1757 Domini
1676 1688 2160 1773 mcccxxxij„
2185 1689 2357 1773 regis
2375 1709 2549 1755 anno
2580 1689 2682 1772 vj„
2706 1689 3087 1755 continuata
3109 1708 3344 1773 guerra
3375 1686 3662 1759 Seotica.

686 1798 793 1831 tufi

602 1846 788 1899 abnuo
951 1834 1128 1880 anno
1159 1812 1472 1898 proximo
1502 1811 1780 1887 incoata‚
1814 1810 2002 1875 multi
2037 1809 2287 1875 nobiles
2319 1809 2586 1894 Anglici
2628 1820 2693 1876 et
2726 1811 2845 1875 viri
2879 1810 3172 1875 bellicosi
3208 1810 3295 1875 ad
3335 1808 3662 1892 stipendia

606 1914 880 2043 ffm3
953 1935 1205 2001 domini
1268 1933 1581 1998 Edwardi
1650 1931 1886 2016 Baylol
1947 1944 2015 1997 et
2083 1952 2351 1996 suorum
2403 1931 2831 2017 complicium
2878 1931 3154 2005 invitati,
3199 1931 3370 1997 circa
3423 1929 3660 1993 festum

602 2044 865 2161 ff'
956 2056 1348 2121 Nativitatis
1384 2054 1591 2120 sancti
1628 2053 1940 2119 Iohannis
1974 2053 2279 2138 Baptiste
2310 2053 2616 2120 Scociam
2654 2054 2948 2139 profecti,
2971 2066 3036 2118 et
3072 2064 3288 2138 preter
3318 2074 3432 2117 eos
3470 2049 3661 2115 multi

956 2177 1171 2241 laudis
1214 2176 1390 2242 avidi
1437 2175 1814 2259 sumptibus
1859 2176 2145 2260 propriis
2188 2188 2255 2240 et
2302 2176 2423 2239 eiis
2465 2175 2790 2251 associati,
2835 2174 3065 2240 villam
3117 2188 3180 2239 et
3237 2186 3524 2239 castrum
3578 2174 3665 2236 de

960 2296 1278 2381 Berewyk
1337 2296 1743 2361 obsiderunt.
1838 2295 1989 2360 Rex
2049 2310 2273 2361 autem
2320 2295 2586 2379 Anglie,
2622 2295 3042 2362 considerans
3089 2294 3296 2360 multa
3341 2295 3666 2378 vituperia

609 2423 846 2542 &g
956 2417 1081 2483 sibi
1140 2430 1207 2484 et
1274 2417 1409 2482 suis
1473 2417 1995 2483 antecessoribus
2054 2437 2171 2502 per
2231 2416 2469 2483 Scotos
2531 2417 2731 2495 illata,
2776 2417 3015 2483 iustam
3076 2438 3342 2502 quoque
3398 2435 3664 2483 causam

957 2539 1211 2606 domini
1262 2537 1571 2603 Edwardi
1614 2537 1699 2603 de
1754 2537 1989 2622 Baylol
2039 2540 2210 2622 regis
2255 2537 2612 2605 Scotorum
2671 2560 2788 2623 per
2845 2553 3298 2623 conquestum,
3349 2549 3418 2603 et
3482 2539 3664 2621 quod

957 2661 1311 2725 concordia
1343 2659 1463 2724 suit
1504 2658 1673 2723 inter
1703 2659 1917 2742 ipsum
1950 2669 2015 2724 et
2050 2657 2293 2724 Scotos
2325 2660 2484 2724 inita
2516 2680 2635 2743 per
2666 2660 3135 2744 prodicionem‚
3160 2660 3304 2744 ipso
3335 2658 3397 2722 in
3431 2659 3664 2723 minori

955 2792 1134 2845 etate
1168 2779 1423 2844 notorie
1463 2779 1828 2844 constituto
1871 2789 1939 2844 et
1978 2780 2043 2843 in
2085 2781 2388 2845 custodia
2429 2780 2655 2845 matris
2690 2800 2807 2845 sue
2850 2781 3194 2854 existente,
3225 2800 3354 2863 que
3389 2779 3667 2846 concilio

964 2899 1209 2984 Rogeri
1240 2897 1325 2965 de
1359 2899 1629 2964 Mortuo
1662 2900 1821 2964 mari
1865 2899 2220 2984 proditoris
2255 2901 2352 2964 sui
2397 2921 2513 2985 per
2542 2900 2765 2965 omnia
2797 2901 3164 2984 regebatur,
3194 2901 3401 2965 sactus
3440 2914 3666 2965 autem

958 3022 1076 3096 vir.
1105 3041 1429 3088 evacuans
1473 3041 1625 3086 cum
1669 3021 1975 3106 apostolo
2006 3042 2137 3105 que
2183 3022 2435 3106 parvuli
2481 3034 2686 3098 erant,
2723 3034 2954 3088 contra
2984 3020 3390 3086 voluntatem
3439 3020 3669 3085 matris

958 3162 1078 3210 sue
1120 3141 1397 3208 collecta
1445 3142 1862 3207 multitudine
1904 3155 2332 3218 armatorum,
2363 3142 2541 3208 non⁸
2585 3142 3034 3208 defensionem
3079 3155 3194 3207 aut
3240 3141 3664 3208 exactionem

958 3264 1061 3329 sui
1106 3263 1281 3342 iuris,
1316 3275 1416 3328 set
1455 3262 1946 3347 promocionem
1978 3277 2043 3329 et
2077 3264 2628 3330 sustentacionem
2675 3264 2844 3329 iuste
2889 3262 3309 3347 calumpnie‘
3345 3263 3440 3326 sui
3471 3263 3667 3327 amici

614 3386 824 3466 ,Εάηῶ
966 3384 1275 3451 Edwardi
1323 3384 1494 3468 regis
1554 3382 1908 3449 Scotorum
1956 3386 2369 3469 pretendens,
2420 3384 2816 3451 Berewicum
2864 3383 3132 3448 viriliter
3176 3395 3276 3448 est
3321 3405 3672 3466 aggressus

606 3453 846 3584 ’ἕξω
962 3506 1298 3572 modicum
1335 3518 1489 3570 ante
1528 3504 1764 3569 festum
1807 3519 2033 3570 sancte
2077 3505 2470 3589 Margarete.
2567 3504 2703 3570 Ubi
2744 3505 2992 3570 obsessi
3042 3503 3288 3570 multoc
3327 3523 3478 3568 cum
3516 3525 3670 3586 rege

962 3625 1209 3709 Anglie
1252 3639 1319 3690 et
1364 3625 1597 3690 Soocie
1664 3637 2104 3708 conquestore
2162 3626 2434 3693 dolosos
2487 3638 2806 3691 tractatus
2861 3625 3250 3700 habuerunt.
3311 3638 3381 3689 ut
3443 3621 3668 3708 ipsos-,³

961 3757 1451 3831 compescerent
1496 3747 1584 3810 ab
1630 3744 1891 3822 insultu,
1921 3758 1987 3810 et
2024 3746 2342 3812 auxilium
2385 3747 2473 3812 ab
2512 3757 2706 3812 extra
2750 3746 3149 3832 promissum
3193 3759 3670 3830 expectarent;

966 3868 1148 3950 quod
1179 3866 1375 3939 venit,
1418 3875 1520 3932 set
1566 3866 1915 3932 incassum.

1036 4051 1051 4084 ⁸
1088 4071 1261 4123 quam
1288 4091 1303 4107 .
1329 4091 1344 4107 .
1368 4091 1383 4106 .
1409 4052 1741 4124 tennerunt]
1769 4071 1875 4108 ont.
1916 4055 1998 4118 B..
2024 4053 2208 4108 which
2233 4061 2448 4125 reptats
2473 4055 2565 4109 the
2589 4056 2755 4110 word
2773 4067 3056 4126 ceperunt.

1032 4141 1053 4172 ’
1089 4159 1195 4195 ont.
1222 4159 1348 4210 que.
1390 4143 1451 4196 B.
1808 4141 1827 4170 ⁸
1868 4141 2408 4211 Wyeveliscoumbe.
2447 4145 2512 4200 C.
2939 4141 2960 4171 ⁴
2996 4143 3394 4197 cornminanm.
3435 4143 3496 4196 B.

1032 4225 1055 4256 ⁸
1092 4245 1203 4283 non
1232 4231 1305 4282 in.
1345 4230 1411 4286 C.
1803 4229 1825 4256 ⁸
1860 4231 1992 4285 inst.
2016 4227 2286 4302 calaum]
2311 4231 2443 4285 iuris
2473 4231 2536 4284 Β.
2943 4227 2962 4256 ’
2999 4229 3172 4300 ipsos]
3202 4243 3440 4284 nostros.
3479 4231 3544 4286 C.
