4154 4895
1273 258 1385 315 LE
1430 259 1723 315 BAKER
1765 261 1887 315 DE
1927 260 2551 319 SWYNEBROKE.
3159 272 3240 339 97

539 469 773 542 captus
800 458 984 525 sicud
1017 458 1225 525 iustus
1256 457 1537 525 bellator
1567 460 1681 543 qui
1725 458 1978 527 nullum
2018 459 2120 525 ius
2159 459 2396 526 habuit
2442 459 2506 524 in
2539 479 2813 544 regnum
2846 458 3112 546 Anglie,
3142 468 3244 527 set
3279 472 3591 529 amaus.

537 579 718 645 sicud
754 579 1159 645 truculentus
1195 581 1402 664 predo
1438 580 1551 663 qui
1595 581 1897 646 universa
1928 601 2057 665 que
2088 582 2307 665 tetigit
2336 581 2624 648 vastavit
2656 582 2917 666 ignibus
2953 592 3021 648 et
3051 584 3242 662 ferr0,

537 710 605 765 et
631 700 800 778 ideo,
824 710 899 764 ut
923 700 1043 765 fuit
1065 700 1505 780 subiunctum,
1529 702 1826 787 oportuit
1850 702 2084 786 ipsum,
2104 703 2324 787 gracie
2353 703 2524 786 regis
2543 701 2791 786 Anglie
2821 703 3242 784 submissum,

538 821 764 886 omnia
809 842 927 906 per
968 822 1184 906 ipsum
1222 823 1559 888 destructa
1598 843 1920 907 reparare,
1958 834 2033 888 ut
2068 824 2162 888 sic
2203 833 2427 907 posset
2458 822 2751 907 graciam
2788 843 2905 887 sue
2937 825 3242 909 redemp-

536 940 741 1006 cionis
787 942 854 1005 in
899 952 1254 1027 conspectu
1301 943 1479 1026 regio
1525 944 1824 1027 reperire.
1915 943 2033 1008 Ab
2079 943 2239 1027 ipsis
2282 944 2490 1009 eciam
2541 943 2794 1009 nunciis
2844 945 3243 1027 querebatur

537 1071 757 1126 utrum
788 1063 873 1126 de
904 1060 1082 1127 finali
1123 1083 1285 1147 pace
1320 1062 1630 1127 volebant
1668 1073 1987 1139 tractare3
2034 1073 2134 1128 set
2166 1064 2640 1147 responderunt
2669 1062 2787 1128 eiis
2817 1064 3241 1130 commissam

536 1191 932 1265 potestatem
992 1183 1079 1247 ad
1139 1192 1494 1248 tractatum
1555 1183 1736 1266 pacis
1795 1204 1926 1249 non
1987 1184 2278 1250 extendi.
2372 1184 2651 1263 Ibidem,
2696 1203 2919 1250 coram
2966 1184 3242 1251 domino

534 1300 871 1369 Willelmo
913 1303 1199 1380 Trussel‚
1243 1303 1362 1368 fuit
1407 1323 1629 1369 comes
1673 1304 1759 1369 de
1804 1304 2066 1368 Mentez
2112 1305 2366 1389 positus
2411 1305 2759 1371 raciocinio
2802 1315 2870 1370 et
2905 1305 3242 1371 convictus
3280 1315 3393 1369 The
3412 1315 3514 1396 aad
3538 1317 3598 1367 of

534 1424 735 1506 quod,
766 1434 994 1490 contra
1035 1423 1421 1489 fidelitatem
1457 1434 1525 1489 et
1564 1424 1952 1508 homagium
2000 1426 2214 1491 iurata
2255 1426 2393 1509 regi
2424 1425 2689 1508 Anglie,
2733 1426 2970 1490 iterum
3010 1435 3242 1491 contra
3277 1382 3529 1501 2122&ss

534 1546 815 1610 eundem
861 1566 1052 1610 suum
1099 1547 1443 1611 dominum
1489 1566 1709 1630 regem
1752 1557 2046 1612 armatus
2094 1546 2438 1626 militavit3
2485 1557 2552 1613 et
2588 1547 2678 1612 ob
2720 1547 2845 1614 hoc
2884 1555 3134 1612 tractus
3172 1556 3240 1612 et

535 1684 892 1749 suspensus
924 1666 986 1730 in
1017 1667 1349 1749 quarteria
1378 1666 1592 1731 fuerat
1623 1667 1890 1731 divisus,

705 1784 823 1851 Ad
870 1788 1045 1852 idem
1087 1787 1433 1853 concilium
1472 1797 1880 1853 accesserunt
1919 1789 2056 1853 duo
2096 1788 2373 1854 comites
2416 1799 2484 1853 et
2525 1789 2661 1855 duo
2705 1787 2938 1867 clerici,
2981 1787 3162 1852 missi
3199 1809 3241 1853 a
3278 1799 3506 1851 Election
3521 1799 3580 1849 os

3279 1865 3494 1916 Edwnrd
3515 1874 3571 1915 to
3647 1886 3654 1899 ⁸

531 1908 785 1991 gremio
856 1907 1212 1974 electorum
1280 1907 1453 1992 regis
1509 1906 1926 1986 Alemannie,
1997 1909 2381 1974 nunciantes
2442 1909 2578 1992 regi
2643 1929 2831 1974 suam
2907 1909 3238 1993 passivam
3276 1932 3363 1983 the
3379 1931 3586 1997 empire.

531 2026 923 2093 eleccionem
954 2029 1039 2094 ad
1067 2029 1314 2113 regiam
1345 2029 1736 2111 dignitatem
1768 2027 2167 2094 Alemannie
2185 2026 2233 2091 ¹.
2321 2029 2481 2094 Illos
2510 2030 2781 2095 nuncios
2809 2049 2959 2094 cum
2992 2030 3242 2094 honore

532 2148 933 2231 competenti
976 2159 1043 2213 et
1071 2150 1307 2232 graciis
1348 2159 1646 2233 receptos
1688 2147 2141 2214 munificencia
2172 2149 2408 2233 regalis
2439 2149 2721 2231 benigne
2751 2150 3042 2233 respexit
3061 2146 3124 2227 ²3
3172 2160 3239 2216 et

531 2267 649 2332 eiis
685 2271 1019 2353 respondit
1064 2291 1136 2334 se
1178 2270 1354 2334 nolle
1396 2280 1585 2336 tanto
1622 2270 1849 2336 honeri
1879 2267 2189 2335 humeros
2225 2271 2632 2349 submittere,
2669 2289 3014 2353 quousque
3048 2289 3237 2335 suam

529 2404 842 2451 coronam
888 2388 1136 2471 regiam
1200 2386 1475 2454 Francie
1532 2388 1669 2452 iure
1730 2386 2129 2453 hereditario
2173 2386 2297 2452 sibi
2342 2387 2638 2452 debitam
2699 2385 2972 2473 pacifice
3023 2386 3235 2471 possi-

528 2508 735 2573 deret.

706 2627 965 2694 Eodem
1010 2649 1202 2707 anno,
1247 2639 1400 2714 post
1446 2628 1716 2707 Pascha,
1760 2629 2018 2694 fuerunt
2063 2630 2243 2712 apud
2292 2627 2703 2695 Lincolniam
2750 2650 2867 2714 per
2924 2629 3236 2694 comitem
3275 2634 3504 2752 3218}-

532 2747 931 2827 Lancastrie,
962 2761 1193 2834 postea
1222 2752 1476 2828 ducem,
1507 2750 1864 2815 hastiludia
1892 2749 2260 2835 solempnia
2296 2749 2642 2828 celebrata,
2672 2750 2914 2833 quibus
2946 2750 3236 2814 interfuit
3274 2767 3497 2818 Lincoln.

531 2869 813 2954 plurima
856 2871 1272 2936 dominarum
1319 2872 1648 2937 comitiva.
1740 2870 1831 2936 Et
1876 2871 2095 2936 nuncii
2142 2871 2311 2955 regis
2375 2871 2682 2955 Ispanie³
2739 2881 3054 2937 venerunt
3114 2893 3235 2955 pro
3275 2880 3572 2947 Theking’s

530 2989 665 3055 filia
695 2991 883 3074 regis,
912 2991 1182 3057 domina
1221 2990 1534 3070 Iohanna,
1567 2990 1702 3056 filio
1732 2992 1985 3057 domini
2016 2993 2118 3055 sui
2149 2993 2319 3076 regis
2349 2992 2850 3076 desponsanda;
2895 3011 3025 3075 que
3053 2993 3231 3077 apud
3272 2946 3515 3127 Ξζιιὲξιω

531 3108 1002 3194 Burdegalim⁴
1047 3112 1112 3175 in
1159 3132 1400 3196 magna
1444 3112 1841 3196 pestilencia,
1884 3114 1971 3176 de
2014 3132 2148 3196 qua
2193 3112 2356 3178 infra
2398 3114 2670 3190 dicetur,
2713 3111 2888 3177 viam
2940 3113 3235 3177 universe
3271 3149 3326 3192 to
3346 3074 3545 3192 112?ss

527 3232 740 3296 carnis
786 3232 1093 3315 ingressa,
1136 3233 1525 3297 adveniente
1572 3253 1817 3316 sponso
1861 3232 1943 3296 eii
2003 3232 2288 3310 obviam,
2348 3231 2671 3317 solempni
2730 3242 2831 3298 set
2887 3231 3233 3297 lacrimose
3270 3207 3330 3322 ἓξ
3344 3207 3571 3324 ἓζυῶξ

526 3352 1065 3417 committebatur
1100 3352 1452 3436 sepulture.
1542 3353 1831 3418 Tantam
1878 3352 2166 3436 puellam
2214 3352 2590 3437 pulcritudo
2635 3351 2992 3436 corporalis
3027 3363 3231 3435 atque
3269 3362 3488 3414 Shedies
3509 3362 3570 3412 os

527 3472 942 3538 abundancia
999 3459 1319 3538 virtutum
1380 3474 1729 3540 moralium
1804 3483 1944 3539 tam
2018 3474 2386 3555 graciosam
2460 3474 2712 3540 cunctis
2787 3472 3230 3551 reddiderunt,
3268 3429 3354 3480 ὼε
3366 3428 3562 3495 9¹⁸⁸oe

527 3595 708 3677 quod
751 3593 962 3677 ipsam
1003 3593 1357 3659 obeuntem
1403 3594 1595 3659 dolor
1630 3614 1896 3660 suorum
1944 3594 2390 3660 ministrorum
2432 3593 2755 3679 compulit
2785 3594 2963 3678 ipsos
3002 3593 3231 3658 itinere

529 3713 759 3780 mortis
789 3714 972 3798 sequi
1003 3735 1190 3779 suam
1223 3714 1581 3781 dominam.

703 3833 843 3901 Isto
874 3854 1049 3900 anno
1074 3835 1386 3919 magister
1407 3835 1731 3901 Iohannes
1763 3833 2089 3902 Stretford
2101 3835 2150 3912 ⁶,
2169 3835 2696 3921 archiepiscopus
2723 3834 3227 3914 cantuariensis,
3267 3836 3435 3889 nath
3457 3836 3517 3886 of

528 3954 719 4040 xxiij.
764 3956 873 4020 die
908 3954 1202 4040 Augusti
1243 3956 1429 4038 obiit,
1472 3968 1540 4023 et
1586 3957 1729 4022 xix.
1771 3958 1882 4023 die
1927 3956 2341 4042 Septembris
2384 3957 2505 4022 fuit
2552 3956 2906 4022 Cantuarie
2944 3957 3227 4023 traditus
3264 3902 3564 4098 Ξαοὲῗὲἱᾶἷρ

692 4127 711 4161 ¹
748 4127 1203 4188 Teutonicorum.
1244 4131 1307 4187 C.
1732 4130 1756 4165 ²
1791 4131 2088 4204 rexspexit.
2127 4134 2192 4187 B.
2617 4127 2640 4162 ⁸
2677 4129 2943 4203 Yspanie.
2984 4131 3048 4187 C.

1169 4218 1191 4250 ⁴
1230 4217 1607 4291 Burdigalym.
1650 4221 1712 4278 C.
2141 4216 2164 4251 ⁸
2201 4217 2497 4276 stratford.
2536 4218 2600 4276 C.

1850 4340 1899 4392 O
