4154 4895
940 226 961 272 t
980 208 1060 271 28
1816 212 2312 270 CHRONICON
2352 212 2764 269 GALFRIDI

581 425 892 476 amasa&
933 409 1308 495 principalis
1365 409 1739 493 assignatus
1786 410 1929 473 dux
1983 421 2050 474 et
2113 418 2464 495 preceptor
2524 408 2765 474 milicie
2824 406 3102 483 hostilis,
3159 408 3442 493 fungens
3501 411 3654 477 vice

639 514 837 529 —
930 532 1230 598 coronati
1268 531 1689 608 Francorum,
1721 552 1838 615 per
1871 531 2243 597 universam
2288 529 2602 595 rebellem
2651 529 2946 613 linguam
2983 530 3393 596 Dexitanam
3419 530 3459 605 ¹,
3492 534 3652 619 plus

930 654 1165 719 ceteris
1207 653 1293 717 de
1340 672 1541 735 regno
1582 653 1635 717 F
1640 654 1857 718 rancie
1902 654 2114 738 patrie
2158 663 2226 719 et
2275 651 2581 716 fidelibus
2626 652 2800 734 regis
2846 652 3097 734 Anglie
3142 653 3390 719 inienit
3441 675 3648 720 nocu-

934 774 1162 850 menti,
1197 774 1531 840 incanduit
1565 774 1658 837 ira
1691 774 2003 858 principis
2041 774 2366 839 tremendi
2398 783 2627 839 contra
2669 772 2996 856 prefatum
3035 793 3267 856 guerre
3303 775 3650 841 Dexitane

584 904 883 957 ubre-eut-
934 907 1462 980 persecutorem3
1552 906 1620 960 et
1702 895 1793 959 ob
1875 894 2019 973 hoc,
2087 905 2420 959 annuente
2506 914 2851 978 procerum
2934 893 3260 973 consultu,
3337 896 3646 982 princeps

579 980 775 1103 2:⁰12„
798 1036 883 1089 the
934 1017 1301 1082 exercitum
1358 1015 1715 1081 destinavit
1764 1016 1827 1078 in
1873 1015 2384 1081 demolicionem
2417 1016 2773 1080 comitatus
2819 1014 3334 1082 Arminacensia.
3433 1017 3646 1101 Igitur

581 1102 884 1234 ἴω
934 1138 1205 1204 incitata
1282 1136 1708 1222 proseccione,
1769 1137 1983 1222 primo
2058 1138 2305 1221 recepit
2377 1136 2800 1202 dedicionem
2878 1135 3348 1203 fortaliciorum
3428 1142 3644 1223 patrie

937 1259 1334 1333 Iuliacensis,
1389 1269 1458 1325 et
1526 1268 1776 1325 extunc
1839 1258 2261 1342 depopulans
2325 1256 2922 1324 Armeniacensem
2987 1258 3182 1323 valde
3240 1262 3642 1327 confortavit

934 1379 1161 1445 fideles
1205 1382 1290 1445 de
1342 1380 1690 1458 vasconia,
1730 1380 1845 1463 qui
1895 1377 2261 1445 consimilia
2313 1379 2604 1464 perpessi
2652 1378 2739 1443 ab
2787 1378 2910 1443 illia
2955 1380 3343 1447 truculentis
3387 1384 3643 1447 viciniis

930 1512 1084 1567 ante
1144 1512 1284 1566 tam
1347 1502 1588 1566 nobilis
1648 1501 1957 1586 principis
2016 1502 2401 1565 adventum.
2523 1499 2861 1573 Ceterum,
2924 1513 2994 1565 ut
3061 1501 3302 1569 clarius
3363 1516 3642 1587 pateant

932 1624 1326 1701 introducta,
1372 1622 1666 1707 singulas
1711 1623 1926 1688 dietas
1974 1622 2289 1707 principis
2334 1622 2399 1686 in
2449 1620 2736 1687 Galliam
2787 1622 3289 1689 Nerbonensem
3355 1626 3642 1691 inserere

931 1765 1062 1809 non
1097 1744 1282 1810 tedet
1306 1743 1352 1807 ².

582 1877 739 1953 ῡὶιιζγ
1107 1864 1321 1930 Prima
1365 1866 1476 1931 die
1535 1864 1887 1930 Dominica
1942 1864 2118 1928 illius
2182 1863 2440 1939 mensis,
2486 1863 2733 1929 scilicet
2785 1877 3023 1948 quarto
3082 1865 3192 1931 die
3261 1866 3576 1932 Octobris
3597 1868 3640 1941 ²,

578 1942 747 2059 m
927 1986 1168 2052 divinis
1210 1985 1521 2051 laudibus
1572 1986 1815 2050 devote
1865 1996 2343 2061 consummata,
2394 1985 2503 2049 die
2566 1983 2756 2049 Lune
2815 1987 3260 2069 subsequente
3327 1988 3638 2072 princeps

576 2073 897 2253 §ewinus
928 2118 1159 2172 contra
1205 2107 1503 2173 inimicos
1546 2107 1633 2171 de
1680 2104 2079 2189 Burdegali⁴
2129 2106 2461 2191 profectus
2504 2107 2923 2190 ospitabatur
2964 2107 3229 2172 duobus
3275 2106 3637 2172 miliaribus

626 2221 783 2255 ΜΝ.

612 2270 685 2329 ‚⁶
928 2249 969 2293 a
1020 2226 1395 2310 Burdegali,
1446 2227 1510 2291 in
1566 2235 1785 2293 castro
1838 2225 2089 2292 scilicet
2133 2227 2218 2292 de
2273 2227 2571 2292 Urnoun.
2666 2227 2742 2291 In
2804 2227 3091 2293 crastino
3150 2229 3454 2295 transivit
3517 2252 3639 2314 per

928 2349 1054 2415 iter
1082 2349 1380 2413 strictum
1419 2360 1623 2430 atque
1650 2347 1947 2412 silvestre
1990 2369 2106 2432 per
2153 2348 2441 2411 medium
2475 2348 2631 2412 ville
2676 2348 2763 2412 de
2807 2347 3086 2430 Longan
3122 2361 3398 2423 mutate,
3432 2349 3636 2433 longa

581 2284 611 2334 υ·

925 2471 1123 2548 dieta,
1166 2470 1231 2534 in
1278 2471 1721 2554 perdicionem
1772 2469 2130 2534 multorum
2178 2489 2521 2552 equorum,
2549 2471 2632 2534 ad
2684 2468 2852 2534 sorte
2895 2482 3184 2535 castrum
3231 2471 3316 2535 de
3350 2471 3633 2536 Auden.

613 2597 642 2642 8
744 2632 777 2654 ..
930 2591 1059 2657 Die
1112 2590 1287 2656 Iovis
1335 2591 1420 2655 ad
1467 2591 1800 2656 civitatem
1855 2591 1939 2655 de
2002 2590 2207 2654 Besae
2255 2589 2611 2655 habentem
2663 2591 3008 2656 ecclesiam
3059 2591 3512 2657 cathedralem
3567 2609 3630 2658 et

610 2741 643 2786 9
746 2762 773 2782 ..
924 2723 1322 2779 conventum
1380 2711 1731 2776 Minorum.
1830 2710 1968 2778 lllic
2019 2712 2130 2776 die
2174 2710 2449 2776 Veneris
2497 2712 2561 2774 in
2615 2713 2910 2776 exercitu
2970 2710 3088 2776 suit
3148 2711 3632 2796 proclamatum

926 2833 1109 2917 quod
1155 2833 1436 2916 quilibet
1481 2845 1768 2916 gestaret
1822 2854 2007 2898 arma
2051 2833 2262 2899 sancti
2311 2832 2599 2914 Georgii,
2644 2843 2712 2896 et
2757 2833 3100 2898 dicebatur
3151 2835 3330 2917 quod
3388 2836 3634 2901 inimici

582 2967 643 3003 ¹0
741 2991 773 3014 η
925 2955 1159 3020 eadem
1193 2963 1558 3037 gestarunt.
1652 2955 1779 3018 Die
1813 2953 2092 3019 Sabbati
2125 2955 2210 3019 ad
2256 2965 2546 3020 castrum
2589 2953 2740 3018 Nau
2765 2953 2809 3028 ⁵,
2842 2955 2951 3018 ubi
2999 2955 3123 3019 tria
3169 2969 3382 3020 castra
3431 2959 3632 3020 trium

580 3084 631 3120 ¹¹
742 3108 772 3128 ··
928 3076 1348 3140 dominorum
1384 3095 1587 3139 unum
1620 3075 1985 3160 apparent⁸
2018 3076 2104 3139 de
2151 3075 2361 3158 longe.
2453 3075 2582 3139 Die
2619 3074 2990 3150 Dominica,
3021 3075 3264 3141 scilicet
3303 3074 3420 3158 xji.
3458 3077 3634 3140 illius

929 3199 1189 3272 mensis,
1244 3196 1545 3262 transivit
1609 3198 1945 3262 exercitus
2006 3217 2121 3280 per
2177 3196 2489 3260 Laundes
2539 3197 2626 3259 de
2691 3195 3090 3260 Bordeaux¹
3145 3217 3275 3280 que
3333 3211 3484 3262 sunt
3547 3201 3634 3264 de

924 3320 1223 3383 dominio
1253 3319 1518 3384 comitis
1552 3319 1901 3383 Fluxensis
1920 3319 1967 3380 ⁹.
2065 3317 2199 3382 Ista
2231 3319 2411 3382 dieta
2437 3315 2491 3354 ¹⁰
2526 3316 2740 3398 longa,
2771 3329 2958 3380 vasta
2983 3315 3024 3354 ¹¹
3056 3326 3124 3383 et
3160 3318 3352 3392 mala,
3384 3319 3630 3385 multos

925 3441 1212 3524 perdidit
1254 3459 1480 3523 equos.
1572 3439 1715 3504 Isto
1760 3441 1887 3514 die,
1934 3441 1996 3502 in
2047 3439 2344 3524 predicto
2387 3449 2578 3504 vasto
2631 3449 2869 3503 vocato
2918 3437 3248 3512 Laundcs,
3293 3439 3630 3504 duobus¹⁸

928 3561 1291 3626 miliaribus
1333 3582 1374 3626 a
1405 3559 1561 3625 villa
1606 3563 1689 3625 de
1725 3559 2043 3625 Areule¹²
2077 3559 2340 3626 suerunt
2385 3560 2631 3625 vexilla
2676 3559 3024 3643 displicata
3069 3571 3137 3625 et
3182 3563 3516 3627 exercitus
3563 3565 3628 3626 in

998 3753 1013 3786 ⁸
1052 3753 1207 3808 Here
1229 3771 1329 3806 are
1353 3752 1443 3807 the
1461 3761 1576 3806 two
1602 3752 1787 3806 words
1820 3754 1970 3824 quod
2005 3753 2130 3806 and
2156 3753 2306 3823 quia,
2340 3755 2404 3807 ἐκ
2435 3753 2758 3808 contrm‘ted
2770 3753 2978 3822 sorus,
3012 3755 3346 3824 apparently
3371 3772 3408 3806 a
3432 3755 3630 3806 derue

924 3845 1220 3912 mutiam·
1245 3842 1315 3911 os
1327 3840 1417 3895 the
1442 3843 1799 3910 conjunctiva
1825 3841 1976 3910 quod
2004 3843 2188 3895 ‹th-we.
2235 3843 2294 3894 B.

996 3931 1015 3960 ¹
1053 3930 1278 3982 advent.
1296 3932 1488 4000 princ.
1504 3935 1725 4000 preopl.
1753 3969 1766 3983 .
1795 3969 1808 3981 .
1834 3927 2001 3996 lala]
2030 3946 2136 3980 om.
2181 3930 2240 3982 B.
2551 3925 2571 3958 ⁸
2611 3929 2821 3981 sa'lifd
2842 3969 2856 3982 .
2885 3967 2898 3982 .
2925 3968 2938 3982 .
2971 3925 3114 3996 om]
3141 3947 3248 3981 ou.
3288 3929 3353 3984 C.

996 4017 1016 4046 ⁸
1060 4017 1379 4086 Burdigaly.
1419 4017 1482 4072 C.
1770 4015 1789 4044 ⁸
1832 4017 2065 4070 Nau-au.
2106 4017 2170 4071 C.
2408 4013 2429 4044 ⁸
2466 4029 2717 4088 apparet.
2756 4017 2818 4072 C.
3111 4013 3130 4042 ¹
3167 4017 3258 4086 xij.
3289 4017 3352 4070 B.
3379 4017 3444 4072 Ε.

994 4105 1015 4132 “
1058 4106 1371 4160 Βυῐόωινι.
1413 4107 1477 4160 Ε.
1854 4105 1875 4134 ’
1915 4105 1984 4158 de
2018 4105 2324 4158 Fluxensis.
2367 4105 2428 4158 Β.
2805 4103 2844 4134 ”
2882 4103 3176 4158 alterrdlo
3200 4105 3292 4160 die
3319 4107 3424 4160 via.
3465 4105 3530 4160 C.

1000 4193 1033 4222 ¹¹
1074 4206 1127 4248 et
1156 4207 1329 4248 vasta.
1369 4195 1433 4248 C.
1794 4191 1832 4223 ”
1869 4210 1902 4247 a
1930 4195 2164 4244 duobus.
2209 4193 2268 4246 B.
2626 4189 2666 4222 ²³
2709 4193 2918 4260 Regula
2947 4193 3164 4248 Areule.
3204 4193 3270 4248 Ε.
