<?xml version="1.0" encoding="UTF-8"?>
<!DOCTYPE html PUBLIC "-//W3C//DTD XHTML 1.0 Transitional//EN"
    "http://www.w3.org/TR/xhtml1/DTD/xhtml1-transitional.dtd">
<html xmlns="http://www.w3.org/1999/xhtml" xml:lang="en" lang="en">
 <head>
  <title>
</title>
<meta http-equiv="Content-Type" content="text/html;charset=utf-8" />
  <meta name='ocr-system' content='tesseract 3.04.00' />
  <meta name='ocr-capabilities' content='ocr_page ocr_carea ocr_par ocr_line ocrx_word'/>
</head>
<body>
  <div class='ocr_page' id='page_1' title='image "./chronicongalfri01thomgoog_0236.png"; bbox 0 0 4154 4895; ppageno 0'>
   <div class='ocr_carea' id='block_1_1' title="bbox 947 240 2926 301">
    <p class='ocr_par' dir='ltr' id='par_1_1' title="bbox 947 240 2926 301">
     <span class='ocr_line' id='line_1_1' title="bbox 947 240 2926 301; baseline -0.001 0"><span class='ocrx_word' id='word_1_1' title='bbox 947 252 1072 301; x_wconf 85' lang='lat'>202</span> <span class='ocrx_word' id='word_1_2' title='bbox 1669 240 1954 298; x_wconf 81' lang='lat' dir='ltr'><em>NOTES</em></span> <span class='ocrx_word' id='word_1_3' title='bbox 1996 241 2185 297; x_wconf 75' lang='grc' dir='ltr'>ΛΝΒ</span> <span class='ocrx_word' id='word_1_4' title='bbox 2230 240 2641 299; x_wconf 76' lang='lat' dir='ltr'><em>ILLUSYRA</em></span> <span class='ocrx_word' id='word_1_5' title='bbox 2656 242 2710 297; x_wconf 83' lang='grc' dir='ltr'><em>Τ</em></span> <span class='ocrx_word' id='word_1_6' title='bbox 2706 241 2910 298; x_wconf 76' lang='grc' dir='ltr'><em>[ΟΝ-ς</em></span> <span class='ocrx_word' id='word_1_7' title='bbox 2910 282 2926 299; x_wconf 93' lang='grc'><strong>.</strong></span> 
     </span>
    </p>
   </div>
   <div class='ocr_carea' id='block_1_2' title="bbox 943 404 3659 4256">
    <p class='ocr_par' dir='ltr' id='par_1_2' title="bbox 943 404 3652 1092">
     <span class='ocr_line' id='line_1_2' title="bbox 943 404 3649 478; baseline -0.002 -16"><span class='ocrx_word' id='word_1_8' title='bbox 943 409 1114 474; x_wconf 67' lang='lat' dir='ltr'>rm</span> <span class='ocrx_word' id='word_1_9' title='bbox 1136 407 1239 475; x_wconf 77' lang='lat'>20,</span> <span class='ocrx_word' id='word_1_10' title='bbox 1264 406 1297 462; x_wconf 88' lang='lat' dir='ltr'>l.</span> <span class='ocrx_word' id='word_1_11' title='bbox 1323 420 1375 477; x_wconf 87' lang='lat'>9.</span> <span class='ocrx_word' id='word_1_12' title='bbox 1452 406 1502 463; x_wconf 84' lang='lat' dir='ltr'><em>C</em></span> <span class='ocrx_word' id='word_1_13' title='bbox 1496 408 1576 461; x_wconf 77' lang='lat' dir='ltr'>ito</span> <span class='ocrx_word' id='word_1_14' title='bbox 1597 411 1733 478; x_wconf 75' lang='lat' dir='ltr'>pos!</span> <span class='ocrx_word' id='word_1_15' title='bbox 1753 407 1937 461; x_wconf 76' lang='lat' dir='ltr'><em>Passa</em></span> <span class='ocrx_word' id='word_1_16' title='bbox 1961 406 2100 462; x_wconf 73' lang='lat' dir='ltr'>obiit</span> <span class='ocrx_word' id='word_1_17' title='bbox 2129 409 2192 461; x_wconf 78' lang='lat' dir='ltr'>t‘n</span> <span class='ocrx_word' id='word_1_18' title='bbox 2217 409 2532 462; x_wconf 72' lang='lat' dir='ltr'>tor-tuentis.</span> <span class='ocrx_word' id='word_1_19' title='bbox 2605 406 2861 463; x_wconf 78' lang='lat' dir='ltr'>‘Eodem</span> <span class='ocrx_word' id='word_1_20' title='bbox 2888 423 3056 473; x_wconf 88' lang='lat' dir='ltr'>anno,</span> <span class='ocrx_word' id='word_1_21' title='bbox 3082 406 3170 462; x_wconf 52' lang='grc' dir='ltr'>ν’*</span> <span class='ocrx_word' id='word_1_22' title='bbox 3194 405 3467 462; x_wconf 78' lang='lat' dir='ltr'>kalendas</span> <span class='ocrx_word' id='word_1_23' title='bbox 3502 404 3649 477; x_wconf 81' lang='lat' dir='ltr'>junii</span> 
     </span>
     <span class='ocr_line' id='line_1_3' title="bbox 1088 491 3652 565; baseline -0.001 -16"><span class='ocrx_word' id='word_1_24' title='bbox 1088 493 1181 565; x_wconf 84' lang='lat'>[28</span> <span class='ocrx_word' id='word_1_25' title='bbox 1211 498 1364 565; x_wconf 74' lang='lat' dir='ltr'>May,</span> <span class='ocrx_word' id='word_1_26' title='bbox 1395 507 1415 549; x_wconf 89' lang='lat' dir='ltr'>t</span> <span class='ocrx_word' id='word_1_27' title='bbox 1424 493 1575 565; x_wconf 83' lang='lat'>3271,</span> <span class='ocrx_word' id='word_1_28' title='bbox 1601 494 1868 565; x_wconf 79' lang='lat' dir='ltr'>magister</span> <span class='ocrx_word' id='word_1_29' title='bbox 1891 496 2173 551; x_wconf 84' lang='lat' dir='ltr'>Robcrtus</span> <span class='ocrx_word' id='word_1_30' title='bbox 2205 495 2278 551; x_wconf 88' lang='lat' dir='ltr'>de</span> <span class='ocrx_word' id='word_1_31' title='bbox 2307 495 2541 560; x_wconf 57' lang='lat' dir='ltr'>Baldolu</span> <span class='ocrx_word' id='word_1_32' title='bbox 2566 496 2871 551; x_wconf 82' lang='lat' dir='ltr'>canonicus</span> <span class='ocrx_word' id='word_1_33' title='bbox 2906 494 2961 550; x_wconf 93' lang='lat' dir='ltr'>in</span> <span class='ocrx_word' id='word_1_34' title='bbox 2992 495 3231 551; x_wconf 84' lang='lat' dir='ltr'>ecclesia</span> <span class='ocrx_word' id='word_1_35' title='bbox 3258 494 3450 549; x_wconf 82' lang='lat' dir='ltr'>Sancti</span> <span class='ocrx_word' id='word_1_36' title='bbox 3482 491 3652 557; x_wconf 69' lang='lat' dir='ltr'>Pauli.</span> 
     </span>
     <span class='ocr_line' id='line_1_4' title="bbox 1084 570 3649 655; baseline -0.002 -17"><span class='ocrx_word' id='word_1_37' title='bbox 1084 570 1514 639; x_wconf 74' lang='lat' dir='ltr'>archidiaconus</span> <span class='ocrx_word' id='word_1_38' title='bbox 1561 582 1950 639; x_wconf 80' lang='lat' dir='ltr'>Middelsexiae</span> <span class='ocrx_word' id='word_1_39' title='bbox 1987 594 2044 639; x_wconf 86' lang='lat' dir='ltr'>et</span> <span class='ocrx_word' id='word_1_40' title='bbox 2084 582 2390 655; x_wconf 83' lang='lat' dir='ltr'>aliquando</span> <span class='ocrx_word' id='word_1_41' title='bbox 2429 584 2793 639; x_wconf 85' lang='lat' dir='ltr'>cancellarius</span> <span class='ocrx_word' id='word_1_42' title='bbox 2836 583 3050 639; x_wconf 88' lang='lat' dir='ltr'>domini</span> <span class='ocrx_word' id='word_1_43' title='bbox 3093 583 3238 653; x_wconf 76' lang='lat' dir='ltr'>regis</span> <span class='ocrx_word' id='word_1_44' title='bbox 3280 582 3560 645; x_wconf 66' lang='lat' dir='ltr'>Edu-udi,</span> <span class='ocrx_word' id='word_1_45' title='bbox 3592 580 3649 634; x_wconf 84' lang='lat' dir='ltr'>in</span> 
     </span>
     <span class='ocr_line' id='line_1_5' title="bbox 1083 668 3651 742; baseline -0.002 -15"><span class='ocrx_word' id='word_1_46' title='bbox 1083 688 1309 727; x_wconf 81' lang='lat' dir='ltr'>carcere</span> <span class='ocrx_word' id='word_1_47' title='bbox 1345 671 1417 727; x_wconf 87' lang='lat' dir='ltr'>de</span> <span class='ocrx_word' id='word_1_48' title='bbox 1443 673 1702 739; x_wconf 81' lang='lat' dir='ltr'>Neugate</span> <span class='ocrx_word' id='word_1_49' title='bbox 1742 671 1799 726; x_wconf 91' lang='lat' dir='ltr'>in</span> <span class='ocrx_word' id='word_1_50' title='bbox 1839 686 2046 740; x_wconf 83' lang='lat' dir='ltr'>magna</span> <span class='ocrx_word' id='word_1_51' title='bbox 2089 672 2321 741; x_wconf 66' lang='lat' dir='ltr'>angeria</span> <span class='ocrx_word' id='word_1_52' title='bbox 2357 682 2413 727; x_wconf 89' lang='lat' dir='ltr'>et</span> <span class='ocrx_word' id='word_1_53' title='bbox 2457 670 2711 738; x_wconf 86' lang='lat' dir='ltr'>vinculis,</span> <span class='ocrx_word' id='word_1_54' title='bbox 2738 670 2795 727; x_wconf 91' lang='lat' dir='ltr'>in</span> <span class='ocrx_word' id='word_1_55' title='bbox 2834 670 3009 725; x_wconf 88' lang='lat' dir='ltr'>nimio</span> <span class='ocrx_word' id='word_1_56' title='bbox 3047 673 3302 742; x_wconf 80' lang='lat' dir='ltr'>squalore</span> <span class='ocrx_word' id='word_1_57' title='bbox 3336 681 3393 726; x_wconf 84' lang='lat' dir='ltr'>et</span> <span class='ocrx_word' id='word_1_58' title='bbox 3430 668 3651 724; x_wconf 77' lang='lat' dir='ltr'>miseria</span> 
     </span>
     <span class='ocr_line' id='line_1_6' title="bbox 1085 756 3651 826; baseline -0.002 -12"><span class='ocrx_word' id='word_1_59' title='bbox 1085 759 1240 825; x_wconf 88' lang='lat' dir='ltr'>obiit,</span> <span class='ocrx_word' id='word_1_60' title='bbox 1262 769 1338 825; x_wconf 89' lang='lat' dir='ltr'>et,</span> <span class='ocrx_word' id='word_1_61' title='bbox 1373 758 1445 814; x_wconf 91' lang='lat' dir='ltr'>de</span> <span class='ocrx_word' id='word_1_62' title='bbox 1484 776 1706 814; x_wconf 86' lang='lat' dir='ltr'>carcere</span> <span class='ocrx_word' id='word_1_63' title='bbox 1750 759 1824 814; x_wconf 85' lang='lat' dir='ltr'>ad</span> <span class='ocrx_word' id='word_1_64' title='bbox 1861 758 2157 815; x_wconf 78' lang='lat' dir='ltr'>ecclesiam</span> <span class='ocrx_word' id='word_1_65' title='bbox 2203 758 2392 814; x_wconf 76' lang='lat' dir='ltr'>Sancti</span> <span class='ocrx_word' id='word_1_66' title='bbox 2440 759 2596 814; x_wconf 83' lang='lat' dir='ltr'>Pauli</span> <span class='ocrx_word' id='word_1_67' title='bbox 2639 758 3048 816; x_wconf 85' lang='lat' dir='ltr'>Londoniensis</span> <span class='ocrx_word' id='word_1_68' title='bbox 3090 759 3330 821; x_wconf 83' lang='lat' dir='ltr'>delatus,</span> <span class='ocrx_word' id='word_1_69' title='bbox 3373 760 3426 813; x_wconf 89' lang='lat' dir='ltr'>in</span> <span class='ocrx_word' id='word_1_70' title='bbox 3465 756 3651 826; x_wconf 71' lang='lat' dir='ltr'>vigilia</span> 
     </span>
     <span class='ocr_line' id='line_1_7' title="bbox 1091 844 3649 918; baseline -0.001 -17"><span class='ocrx_word' id='word_1_71' title='bbox 1091 846 1508 913; x_wconf 84' lang='lat' dir='ltr'>Penthecostcs,</span> <span class='ocrx_word' id='word_1_72' title='bbox 1546 846 1802 902; x_wconf 83' lang='lat' dir='ltr'>videlicet</span> <span class='ocrx_word' id='word_1_73' title='bbox 1848 846 1936 901; x_wconf 81' lang='lat' dir='ltr'>iii⁰</span> <span class='ocrx_word' id='word_1_74' title='bbox 1976 847 2249 902; x_wconf 73' lang='lat' dir='ltr'>kalendas</span> <span class='ocrx_word' id='word_1_75' title='bbox 2296 846 2466 918; x_wconf 80' lang='lat' dir='ltr'>junii,</span> <span class='ocrx_word' id='word_1_76' title='bbox 2509 847 2764 902; x_wconf 84' lang='lat' dir='ltr'>canonici</span> <span class='ocrx_word' id='word_1_77' title='bbox 2808 860 2863 903; x_wconf 92' lang='lat' dir='ltr'>et</span> <span class='ocrx_word' id='word_1_78' title='bbox 2904 848 3073 903; x_wconf 85' lang='lat' dir='ltr'>ceteri</span> <span class='ocrx_word' id='word_1_79' title='bbox 3119 846 3354 902; x_wconf 81' lang='lat' dir='ltr'>ministri</span> <span class='ocrx_word' id='word_1_80' title='bbox 3397 844 3649 901; x_wconf 71' lang='lat' dir='ltr'>ecclesiae</span> 
     </span>
     <span class='ocr_line' id='line_1_8' title="bbox 1086 932 3648 1006; baseline -0.002 -17"><span class='ocrx_word' id='word_1_81' title='bbox 1086 933 1390 1004; x_wconf 74' lang='lat' dir='ltr'>praedictae,</span> <span class='ocrx_word' id='word_1_82' title='bbox 1414 934 1568 989; x_wconf 87' lang='lat' dir='ltr'>omni</span> <span class='ocrx_word' id='word_1_83' title='bbox 1607 934 1818 990; x_wconf 84' lang='lat' dir='ltr'>bonore</span> <span class='ocrx_word' id='word_1_84' title='bbox 1842 946 1900 991; x_wconf 88' lang='lat' dir='ltr'>et</span> <span class='ocrx_word' id='word_1_85' title='bbox 1926 934 2337 1005; x_wconf 74' lang='lat' dir='ltr'>sollempnitate</span> <span class='ocrx_word' id='word_1_86' title='bbox 2374 934 2577 1006; x_wconf 89' lang='lat' dir='ltr'>quibus</span> <span class='ocrx_word' id='word_1_87' title='bbox 2613 934 2849 990; x_wconf 79' lang='lat' dir='ltr'>decebat</span> <span class='ocrx_word' id='word_1_88' title='bbox 2888 935 3270 991; x_wconf 79' lang='lat' dir='ltr'>concanonico</span> <span class='ocrx_word' id='word_1_89' title='bbox 3302 932 3567 999; x_wconf 81' lang='lat' dir='ltr'>exhibito,</span> <span class='ocrx_word' id='word_1_90' title='bbox 3594 932 3648 986; x_wconf 85' lang='lat' dir='ltr'>in</span> 
     </span>
     <span class='ocr_line' id='line_1_9' title="bbox 1086 1021 3230 1092; baseline -0 -15"><span class='ocrx_word' id='word_1_91' title='bbox 1086 1021 1360 1077; x_wconf 86' lang='lat' dir='ltr'>cimiterio</span> <span class='ocrx_word' id='word_1_92' title='bbox 1383 1021 1778 1077; x_wconf 84' lang='lat' dir='ltr'>canonicorum</span> <span class='ocrx_word' id='word_1_93' title='bbox 1806 1024 2105 1092; x_wconf 73' lang='lat' dir='ltr'>sepultura:</span> <span class='ocrx_word' id='word_1_94' title='bbox 2132 1021 2807 1078; x_wconf 57' lang='lat' dir='ltr'>melidunum—Anna.</span> <span class='ocrx_word' id='word_1_95' title='bbox 2826 1022 3080 1089; x_wconf 66' lang='lat' dir='ltr'>Pontia„</span> <span class='ocrx_word' id='word_1_96' title='bbox 3108 1036 3230 1091; x_wconf 80' lang='lat'><strong>³3⁴·</strong></span> 
     </span>
    </p>

    <p class='ocr_par' dir='ltr' id='par_1_3' title="bbox 1086 1106 3659 4256">
     <span class='ocr_line' id='line_1_10' title="bbox 1157 1106 3649 1179; baseline -0.002 -14"><span class='ocrx_word' id='word_1_97' title='bbox 1157 1110 1385 1179; x_wconf 82' lang='lat' dir='ltr'><strong>Among</strong></span> <span class='ocrx_word' id='word_1_98' title='bbox 1411 1110 1507 1165; x_wconf 85' lang='lat' dir='ltr'>the</span> <span class='ocrx_word' id='word_1_99' title='bbox 1543 1109 1780 1179; x_wconf 78' lang='lat' dir='ltr'>charges</span> <span class='ocrx_word' id='word_1_100' title='bbox 1807 1109 1988 1165; x_wconf 70' lang='lat' dir='ltr'>which</span> <span class='ocrx_word' id='word_1_101' title='bbox 2015 1126 2159 1165; x_wconf 69' lang='lat' dir='ltr'>were</span> <span class='ocrx_word' id='word_1_102' title='bbox 2190 1110 2432 1179; x_wconf 76' lang='lat' dir='ltr'><strong>brought</strong></span> <span class='ocrx_word' id='word_1_103' title='bbox 2464 1109 2684 1179; x_wconf 70' lang='lat' dir='ltr'>against</span> <span class='ocrx_word' id='word_1_104' title='bbox 2713 1110 2945 1165; x_wconf 83' lang='lat' dir='ltr'>Orleton</span> <span class='ocrx_word' id='word_1_105' title='bbox 2973 1110 3029 1164; x_wconf 91' lang='lat' dir='ltr'>in</span> <span class='ocrx_word' id='word_1_106' title='bbox 3061 1124 3214 1179; x_wconf 68' lang='lat'>133⁴,</span> <span class='ocrx_word' id='word_1_107' title='bbox 3239 1108 3313 1164; x_wconf 86' lang='lat' dir='ltr'>be</span> <span class='ocrx_word' id='word_1_108' title='bbox 3349 1118 3525 1164; x_wconf 84' lang='lat' dir='ltr'>states</span> <span class='ocrx_word' id='word_1_109' title='bbox 3557 1106 3649 1161; x_wconf 79' lang='lat' dir='ltr'>the</span> 
     </span>
     <span class='ocr_line' id='line_1_11' title="bbox 1091 1194 3650 1269; baseline -0.002 -16"><span class='ocrx_word' id='word_1_110' title='bbox 1091 1195 1206 1253; x_wconf 69' lang='lat' dir='ltr'>sim</span> <span class='ocrx_word' id='word_1_111' title='bbox 1233 1208 1292 1252; x_wconf 88' lang='lat' dir='ltr'>to</span> <span class='ocrx_word' id='word_1_112' title='bbox 1316 1197 1387 1252; x_wconf 90' lang='lat' dir='ltr'>be</span> <span class='ocrx_word' id='word_1_113' title='bbox 1413 1215 1426 1251; x_wconf 74' lang='grc' dir='ltr'><strong><em>ε</em></strong></span> <span class='ocrx_word' id='word_1_114' title='bbox 1466 1199 1482 1227; x_wconf 80' lang='lat'><strong>⁴</strong></span> <span class='ocrx_word' id='word_1_115' title='bbox 1502 1196 1651 1269; x_wconf 90' lang='lat' dir='ltr'>quod</span> <span class='ocrx_word' id='word_1_116' title='bbox 1691 1196 1953 1252; x_wconf 79' lang='lat' dir='ltr'>mandavi</span> <span class='ocrx_word' id='word_1_117' title='bbox 1979 1207 2034 1253; x_wconf 89' lang='lat' dir='ltr'>et</span> <span class='ocrx_word' id='word_1_118' title='bbox 2059 1196 2164 1253; x_wconf 78' lang='lat' dir='ltr'>feci</span> <span class='ocrx_word' id='word_1_119' title='bbox 2190 1214 2331 1253; x_wconf 82' lang='lat' dir='ltr'>ausu</span> <span class='ocrx_word' id='word_1_120' title='bbox 2366 1198 2636 1266; x_wconf 78' lang='lat' dir='ltr'>sacrilego</span> <span class='ocrx_word' id='word_1_121' title='bbox 2666 1214 2870 1253; x_wconf 87' lang='lat' dir='ltr'>manus</span> <span class='ocrx_word' id='word_1_122' title='bbox 2907 1197 3034 1253; x_wconf 88' lang='lat' dir='ltr'>inici</span> <span class='ocrx_word' id='word_1_123' title='bbox 3065 1210 3276 1253; x_wconf 85' lang='lat' dir='ltr'>temere</span> <span class='ocrx_word' id='word_1_124' title='bbox 3303 1196 3570 1251; x_wconf 74' lang='lat' dir='ltr'>violentas</span> <span class='ocrx_word' id='word_1_125' title='bbox 3595 1194 3650 1249; x_wconf 83' lang='lat' dir='ltr'>in</span> 
     </span>
     <span class='ocr_line' id='line_1_12' title="bbox 1088 1282 3649 1356; baseline -0.001 -17"><span class='ocrx_word' id='word_1_126' title='bbox 1088 1284 1416 1354; x_wconf 70' lang='lat' dir='ltr'>magistrum</span> <span class='ocrx_word' id='word_1_127' title='bbox 1444 1286 1512 1340; x_wconf 84' lang='lat' dir='ltr'>R.</span> <span class='ocrx_word' id='word_1_128' title='bbox 1538 1285 1609 1341; x_wconf 91' lang='lat' dir='ltr'>de</span> <span class='ocrx_word' id='word_1_129' title='bbox 1637 1285 1852 1339; x_wconf 83' lang='lat' dir='ltr'>Baldok</span> <span class='ocrx_word' id='word_1_130' title='bbox 1891 1284 2184 1356; x_wconf 71' lang='lat' dir='ltr'>ipsumque</span> <span class='ocrx_word' id='word_1_131' title='bbox 2223 1285 2453 1340; x_wconf 80' lang='lat' dir='ltr'>invitum</span> <span class='ocrx_word' id='word_1_132' title='bbox 2478 1285 2603 1355; x_wconf 77' lang='lat' dir='ltr'>capi</span> <span class='ocrx_word' id='word_1_133' title='bbox 2643 1302 2834 1341; x_wconf 84' lang='lat' dir='ltr'>mense</span> <span class='ocrx_word' id='word_1_134' title='bbox 2860 1286 3218 1349; x_wconf 80' lang='lat' dir='ltr'>Novembris,</span> <span class='ocrx_word' id='word_1_135' title='bbox 3243 1301 3394 1339; x_wconf 87' lang='lat' dir='ltr'>anno</span> <span class='ocrx_word' id='word_1_136' title='bbox 3424 1282 3649 1338; x_wconf 78' lang='lat' dir='ltr'>Domini</span> 
     </span>
     <span class='ocr_line' id='line_1_13' title="bbox 1086 1370 3649 1443; baseline -0.002 -15"><span class='ocrx_word' id='word_1_137' title='bbox 1086 1372 1444 1443; x_wconf 80' lang='lat' dir='ltr'>m.ccc.xxvj.,</span> <span class='ocrx_word' id='word_1_138' title='bbox 1482 1372 1538 1428; x_wconf 91' lang='lat' dir='ltr'>in</span> <span class='ocrx_word' id='word_1_139' title='bbox 1583 1373 1808 1429; x_wconf 81' lang='lat' dir='ltr'>civitate</span> <span class='ocrx_word' id='word_1_140' title='bbox 1856 1372 2260 1430; x_wconf 81' lang='lat' dir='ltr'>Hert&#39;ordensi.&#39;</span> <span class='ocrx_word' id='word_1_141' title='bbox 2350 1373 2458 1428; x_wconf 81' lang='lat' dir='ltr'>His</span> <span class='ocrx_word' id='word_1_142' title='bbox 2499 1389 2717 1429; x_wconf 68' lang='lat' dir='ltr'>answer</span> <span class='ocrx_word' id='word_1_143' title='bbox 2759 1373 2839 1429; x_wconf 83' lang='lat' dir='ltr'>is:</span> <span class='ocrx_word' id='word_1_144' title='bbox 2896 1373 3080 1428; x_wconf 84' lang='lat' dir='ltr'>‘Dico</span> <span class='ocrx_word' id='word_1_145' title='bbox 3116 1385 3173 1429; x_wconf 89' lang='lat' dir='ltr'>et</span> <span class='ocrx_word' id='word_1_146' title='bbox 3214 1388 3465 1443; x_wconf 81' lang='lat' dir='ltr'>propono</span> <span class='ocrx_word' id='word_1_147' title='bbox 3499 1370 3649 1442; x_wconf 78' lang='lat' dir='ltr'>quod</span> 
     </span>
     <span class='ocr_line' id='line_1_14' title="bbox 1086 1458 3651 1532; baseline -0.001 -17"><span class='ocrx_word' id='word_1_148' title='bbox 1086 1459 1350 1515; x_wconf 85' lang='lat' dir='ltr'>dominus</span> <span class='ocrx_word' id='word_1_149' title='bbox 1376 1462 1444 1516; x_wconf 82' lang='lat' dir='ltr'>R.</span> <span class='ocrx_word' id='word_1_150' title='bbox 1470 1460 1542 1517; x_wconf 90' lang='lat' dir='ltr'>de</span> <span class='ocrx_word' id='word_1_151' title='bbox 1571 1460 1806 1527; x_wconf 54' lang='lat' dir='ltr'>Baldolu</span> <span class='ocrx_word' id='word_1_152' title='bbox 1831 1461 1982 1515; x_wconf 86' lang='lat' dir='ltr'>dicto</span> <span class='ocrx_word' id='word_1_153' title='bbox 2017 1477 2209 1516; x_wconf 83' lang='lat' dir='ltr'>mense</span> <span class='ocrx_word' id='word_1_154' title='bbox 2237 1460 2592 1527; x_wconf 78' lang='lat' dir='ltr'>Novembris,</span> <span class='ocrx_word' id='word_1_155' title='bbox 2618 1470 2888 1532; x_wconf 88' lang='lat' dir='ltr'>tanquam</span> <span class='ocrx_word' id='word_1_156' title='bbox 2928 1460 3107 1515; x_wconf 80' lang='lat' dir='ltr'>hostis</span> <span class='ocrx_word' id='word_1_157' title='bbox 3141 1459 3393 1531; x_wconf 87' lang='lat' dir='ltr'>publicus</span> <span class='ocrx_word' id='word_1_158' title='bbox 3426 1458 3572 1527; x_wconf 80' lang='lat' dir='ltr'>regis</span> <span class='ocrx_word' id='word_1_159' title='bbox 3593 1469 3651 1513; x_wconf 74' lang='lat' dir='ltr'>et</span> 
     </span>
     <span class='ocr_line' id='line_1_15' title="bbox 1087 1546 3653 1619; baseline 0 -17"><span class='ocrx_word' id='word_1_160' title='bbox 1087 1548 1242 1616; x_wconf 79' lang='lat' dir='ltr'>regni</span> <span class='ocrx_word' id='word_1_161' title='bbox 1267 1558 1325 1605; x_wconf 88' lang='lat' dir='ltr'>et</span> <span class='ocrx_word' id='word_1_162' title='bbox 1349 1565 1478 1604; x_wconf 88' lang='lat' dir='ltr'>reus</span> <span class='ocrx_word' id='word_1_163' title='bbox 1501 1548 1749 1604; x_wconf 79' lang='lat' dir='ltr'>criminis</span> <span class='ocrx_word' id='word_1_164' title='bbox 1775 1550 1925 1604; x_wconf 74' lang='lat' dir='ltr'>laesae</span> <span class='ocrx_word' id='word_1_165' title='bbox 1951 1547 2280 1618; x_wconf 81' lang='lat' dir='ltr'>majestatis,</span> <span class='ocrx_word' id='word_1_166' title='bbox 2299 1565 2426 1603; x_wconf 87' lang='lat' dir='ltr'>cum</span> <span class='ocrx_word' id='word_1_167' title='bbox 2450 1548 2735 1619; x_wconf 83' lang='lat' dir='ltr'>quondam</span> <span class='ocrx_word' id='word_1_168' title='bbox 2762 1546 2995 1603; x_wconf 87' lang='lat' dir='ltr'>domino</span> <span class='ocrx_word' id='word_1_169' title='bbox 3015 1550 3255 1617; x_wconf 74' lang='lat' dir='ltr'>Hugone</span> <span class='ocrx_word' id='word_1_170' title='bbox 3279 1548 3330 1603; x_wconf 90' lang='lat' dir='ltr'>le</span> <span class='ocrx_word' id='word_1_171' title='bbox 3354 1546 3653 1617; x_wconf 73' lang='lat' dir='ltr'>Dispenser</span> 
     </span>
     <span class='ocr_line' id='line_1_16' title="bbox 1089 1635 3651 1708; baseline 0 -19"><span class='ocrx_word' id='word_1_172' title='bbox 1089 1653 1186 1707; x_wconf 87' lang='lat' dir='ltr'>per</span> <span class='ocrx_word' id='word_1_173' title='bbox 1212 1653 1374 1707; x_wconf 85' lang='lat' dir='ltr'>pares</span> <span class='ocrx_word' id='word_1_174' title='bbox 1399 1636 1532 1692; x_wconf 89' lang='lat' dir='ltr'>dicti</span> <span class='ocrx_word' id='word_1_175' title='bbox 1568 1636 1720 1705; x_wconf 80' lang='lat' dir='ltr'>regni</span> <span class='ocrx_word' id='word_1_176' title='bbox 1747 1649 1963 1708; x_wconf 83' lang='lat' dir='ltr'>captus,</span> <span class='ocrx_word' id='word_1_177' title='bbox 1987 1635 2192 1691; x_wconf 82' lang='lat' dir='ltr'>ductus</span> <span class='ocrx_word' id='word_1_178' title='bbox 2225 1636 2324 1691; x_wconf 78' lang='lat' dir='ltr'>fuit</span> <span class='ocrx_word' id='word_1_179' title='bbox 2353 1635 2709 1692; x_wconf 77' lang='lat' dir='ltr'>Herfordiam</span> <span class='ocrx_word' id='word_1_180' title='bbox 2734 1648 2791 1692; x_wconf 87' lang='lat' dir='ltr'>et</span> <span class='ocrx_word' id='word_1_181' title='bbox 2818 1636 3043 1703; x_wconf 81' lang='lat' dir='ltr'>ibidem,</span> <span class='ocrx_word' id='word_1_182' title='bbox 3069 1652 3257 1691; x_wconf 86' lang='lat' dir='ltr'>coram</span> <span class='ocrx_word' id='word_1_183' title='bbox 3286 1636 3473 1705; x_wconf 85' lang='lat' dir='ltr'>judice</span> <span class='ocrx_word' id='word_1_184' title='bbox 3498 1650 3651 1689; x_wconf 76' lang='lat' dir='ltr'>secu·</span> 
     </span>
     <span class='ocr_line' id='line_1_17' title="bbox 1088 1722 3655 1795; baseline -0.002 -17"><span class='ocrx_word' id='word_1_185' title='bbox 1088 1723 1208 1790; x_wconf 79' lang='lat' dir='ltr'>lari,</span> <span class='ocrx_word' id='word_1_186' title='bbox 1247 1741 1358 1779; x_wconf 86' lang='lat' dir='ltr'>una</span> <span class='ocrx_word' id='word_1_187' title='bbox 1400 1742 1528 1779; x_wconf 86' lang='lat' dir='ltr'>cum</span> <span class='ocrx_word' id='word_1_188' title='bbox 1572 1724 1724 1779; x_wconf 88' lang='lat' dir='ltr'>dicto</span> <span class='ocrx_word' id='word_1_189' title='bbox 1767 1726 2028 1793; x_wconf 75' lang='lat' dir='ltr'>lingone,</span> <span class='ocrx_word' id='word_1_190' title='bbox 2067 1740 2166 1793; x_wconf 84' lang='lat' dir='ltr'>per</span> <span class='ocrx_word' id='word_1_191' title='bbox 2204 1741 2367 1795; x_wconf 82' lang='lat' dir='ltr'>pares</span> <span class='ocrx_word' id='word_1_192' title='bbox 2409 1724 2542 1779; x_wconf 89' lang='lat' dir='ltr'>dicti</span> <span class='ocrx_word' id='word_1_193' title='bbox 2584 1724 2739 1793; x_wconf 82' lang='lat' dir='ltr'>regni</span> <span class='ocrx_word' id='word_1_194' title='bbox 2784 1725 3091 1779; x_wconf 86' lang='lat' dir='ltr'>secundum</span> <span class='ocrx_word' id='word_1_195' title='bbox 3132 1724 3309 1793; x_wconf 77' lang='lat' dir='ltr'>legem</span> <span class='ocrx_word' id='word_1_196' title='bbox 3348 1722 3655 1783; x_wconf 66' lang='lat' dir='ltr'>convictus,</span> 
     </span>
     <span class='ocr_line' id='line_1_18' title="bbox 1087 1811 3651 1884; baseline -0.001 -19"><span class='ocrx_word' id='word_1_197' title='bbox 1087 1811 1259 1867; x_wconf 86' lang='lat' dir='ltr'>michi</span> <span class='ocrx_word' id='word_1_198' title='bbox 1299 1824 1431 1868; x_wconf 89' lang='lat' dir='ltr'>tunc</span> <span class='ocrx_word' id='word_1_199' title='bbox 1464 1812 1732 1884; x_wconf 81' lang='lat' dir='ltr'>episcopo</span> <span class='ocrx_word' id='word_1_200' title='bbox 1775 1811 2158 1877; x_wconf 76' lang='lat' dir='ltr'>Hersordensi,</span> <span class='ocrx_word' id='word_1_201' title='bbox 2190 1811 2348 1882; x_wconf 79' lang='lat' dir='ltr'>juxta</span> <span class='ocrx_word' id='word_1_202' title='bbox 2385 1811 2669 1867; x_wconf 71' lang='lat' dir='ltr'>libertates</span> <span class='ocrx_word' id='word_1_203' title='bbox 2709 1812 3116 1868; x_wconf 78' lang='lat' dir='ltr'>ecclesiasticas</span> <span class='ocrx_word' id='word_1_204' title='bbox 3163 1812 3344 1883; x_wconf 70' lang='lat' dir='ltr'>ipsum</span> <span class='ocrx_word' id='word_1_205' title='bbox 3387 1824 3651 1877; x_wconf 79' lang='lat' dir='ltr'>tanquam</span> 
     </span>
     <span class='ocr_line' id='line_1_19' title="bbox 1089 1898 3653 1970; baseline -0.001 -16"><span class='ocrx_word' id='word_1_206' title='bbox 1089 1915 1388 1969; x_wconf 79' lang='lat' dir='ltr'>personam</span> <span class='ocrx_word' id='word_1_207' title='bbox 1412 1900 1852 1957; x_wconf 82' lang='lat' dir='ltr'>ecclesiasticam</span> <span class='ocrx_word' id='word_1_208' title='bbox 1872 1900 1948 1955; x_wconf 86' lang='lat' dir='ltr'>ad</span> <span class='ocrx_word' id='word_1_209' title='bbox 1967 1901 2149 1955; x_wconf 75' lang='lat' dir='ltr'>sorum</span> <span class='ocrx_word' id='word_1_210' title='bbox 2163 1900 2416 1955; x_wconf 63' lang='lat' dir='ltr'>ecclesiae</span> <span class='ocrx_word' id='word_1_211' title='bbox 2436 1900 2724 1970; x_wconf 83' lang='lat' dir='ltr'>repetenti,</span> <span class='ocrx_word' id='word_1_212' title='bbox 2743 1900 2842 1955; x_wconf 75' lang='lat' dir='ltr'>suit</span> <span class='ocrx_word' id='word_1_213' title='bbox 2860 1900 3167 1955; x_wconf 83' lang='lat' dir='ltr'>secundum</span> <span class='ocrx_word' id='word_1_214' title='bbox 3193 1898 3653 1953; x_wconf 74' lang='lat' dir='ltr'>consoemdtnem</span> 
     </span>
     <span class='ocr_line' id='line_1_20' title="bbox 1087 1985 3652 2059; baseline -0.001 -17"><span class='ocrx_word' id='word_1_215' title='bbox 1087 1987 1354 2043; x_wconf 85' lang='lat' dir='ltr'>liberatus</span> <span class='ocrx_word' id='word_1_216' title='bbox 1369 1998 1424 2043; x_wconf 90' lang='lat' dir='ltr'>et</span> <span class='ocrx_word' id='word_1_217' title='bbox 1439 1989 1824 2044; x_wconf 80' lang='lat' dir='ltr'>ecclesiastico</span> <span class='ocrx_word' id='word_1_218' title='bbox 1847 1989 2054 2043; x_wconf 73' lang='lat' dir='ltr'>carceri</span> <span class='ocrx_word' id='word_1_219' title='bbox 2082 1989 2452 2057; x_wconf 81' lang='lat' dir='ltr'>mancipatus,</span> <span class='ocrx_word' id='word_1_220' title='bbox 2470 1998 2527 2043; x_wconf 91' lang='lat' dir='ltr'>et</span> <span class='ocrx_word' id='word_1_221' title='bbox 2551 1987 2759 2042; x_wconf 87' lang='lat' dir='ltr'>ibidem</span> <span class='ocrx_word' id='word_1_222' title='bbox 2786 1988 3045 2042; x_wconf 86' lang='lat' dir='ltr'>detentus</span> <span class='ocrx_word' id='word_1_223' title='bbox 3072 2003 3247 2059; x_wconf 88' lang='lat' dir='ltr'>usque</span> <span class='ocrx_word' id='word_1_224' title='bbox 3260 1985 3332 2041; x_wconf 87' lang='lat' dir='ltr'>ad</span> <span class='ocrx_word' id='word_1_225' title='bbox 3354 1986 3652 2041; x_wconf 80' lang='lat' dir='ltr'>concilium</span> 
     </span>
     <span class='ocr_line' id='line_1_21' title="bbox 1091 2073 3653 2148; baseline -0 -19"><span class='ocrx_word' id='word_1_226' title='bbox 1091 2075 1447 2144; x_wconf 78' lang='lat' dir='ltr'>provinciale,</span> <span class='ocrx_word' id='word_1_227' title='bbox 1473 2093 1666 2132; x_wconf 85' lang='lat' dir='ltr'>mense</span> <span class='ocrx_word' id='word_1_228' title='bbox 1698 2077 1948 2148; x_wconf 74' lang='lat' dir='ltr'>januarii</span> <span class='ocrx_word' id='word_1_229' title='bbox 1983 2092 2136 2131; x_wconf 87' lang='lat' dir='ltr'>anno</span> <span class='ocrx_word' id='word_1_230' title='bbox 2173 2076 2423 2140; x_wconf 85' lang='lat' dir='ltr'>Domini,</span> <span class='ocrx_word' id='word_1_231' title='bbox 2447 2087 2573 2143; x_wconf 63' lang='lat' dir='ltr'>etc„</span> <span class='ocrx_word' id='word_1_232' title='bbox 2598 2074 2907 2131; x_wconf 78' lang='lat' dir='ltr'>Londoniae</span> <span class='ocrx_word' id='word_1_233' title='bbox 2933 2075 3294 2131; x_wconf 78' lang='lat' dir='ltr'>celebratum.</span> <span class='ocrx_word' id='word_1_234' title='bbox 3364 2075 3457 2129; x_wconf 78' lang='lat' dir='ltr'>Ad</span> <span class='ocrx_word' id='word_1_235' title='bbox 3483 2073 3653 2144; x_wconf 81' lang='lat' dir='ltr'>quod.</span> 
     </span>
     <span class='ocr_line' id='line_1_22' title="bbox 1090 2161 3655 2233; baseline 0 -17"><span class='ocrx_word' id='word_1_236' title='bbox 1090 2161 1162 2218; x_wconf 89' lang='lat' dir='ltr'>de</span> <span class='ocrx_word' id='word_1_237' title='bbox 1187 2174 1471 2233; x_wconf 83' lang='lat' dir='ltr'>praeoepto</span> <span class='ocrx_word' id='word_1_238' title='bbox 1493 2164 1706 2218; x_wconf 84' lang='lat' dir='ltr'>domini</span> <span class='ocrx_word' id='word_1_239' title='bbox 1743 2164 1887 2233; x_wconf 82' lang='lat' dir='ltr'>regis</span> <span class='ocrx_word' id='word_1_240' title='bbox 1911 2174 1968 2220; x_wconf 88' lang='lat' dir='ltr'>et</span> <span class='ocrx_word' id='word_1_241' title='bbox 1993 2164 2221 2231; x_wconf 74' lang='lat' dir='ltr'>reginze,</span> <span class='ocrx_word' id='word_1_242' title='bbox 2246 2164 2440 2218; x_wconf 81' lang='lat' dir='ltr'>matris</span> <span class='ocrx_word' id='word_1_243' title='bbox 2468 2180 2602 2229; x_wconf 80' lang='lat' dir='ltr'>suae,</span> <span class='ocrx_word' id='word_1_244' title='bbox 2625 2163 2903 2219; x_wconf 71' lang='lat' dir='ltr'>excitante</span> <span class='ocrx_word' id='word_1_245' title='bbox 2927 2176 2983 2218; x_wconf 90' lang='lat' dir='ltr'>et</span> <span class='ocrx_word' id='word_1_246' title='bbox 3012 2174 3337 2233; x_wconf 80' lang='lat' dir='ltr'>procurante</span> <span class='ocrx_word' id='word_1_247' title='bbox 3367 2164 3655 2231; x_wconf 77' lang='lat' dir='ltr'>potissime</span> 
     </span>
     <span class='ocr_line' id='line_1_23' title="bbox 1090 2250 3655 2323; baseline 0.001 -21"><span class='ocrx_word' id='word_1_248' title='bbox 1090 2250 1387 2306; x_wconf 78' lang='lat' dir='ltr'>venerabili</span> <span class='ocrx_word' id='word_1_249' title='bbox 1416 2263 1572 2322; x_wconf 77' lang='lat' dir='ltr'>patre</span> <span class='ocrx_word' id='word_1_250' title='bbox 1596 2251 1828 2307; x_wconf 74' lang='lat' dir='ltr'>dommo</span> <span class='ocrx_word' id='word_1_251' title='bbox 1851 2255 1919 2323; x_wconf 81' lang='lat' dir='ltr'>J..</span> <span class='ocrx_word' id='word_1_252' title='bbox 1939 2263 2071 2307; x_wconf 89' lang='lat' dir='ltr'>tunc</span> <span class='ocrx_word' id='word_1_253' title='bbox 2099 2250 2488 2321; x_wconf 77' lang='lat' dir='ltr'>Wyntoniensi</span> <span class='ocrx_word' id='word_1_254' title='bbox 2513 2250 2779 2322; x_wconf 82' lang='lat' dir='ltr'>episcopo</span> <span class='ocrx_word' id='word_1_255' title='bbox 2803 2262 2857 2306; x_wconf 91' lang='lat' dir='ltr'>et</span> <span class='ocrx_word' id='word_1_256' title='bbox 2888 2251 3104 2319; x_wconf 73' lang='lat' dir='ltr'>Angliae</span> <span class='ocrx_word' id='word_1_257' title='bbox 3130 2251 3491 2315; x_wconf 79' lang='lat' dir='ltr'>thesaurario.</span> <span class='ocrx_word' id='word_1_258' title='bbox 3506 2266 3655 2304; x_wconf 82' lang='lat' dir='ltr'>nunc</span> 
     </span>
     <span class='ocr_line' id='line_1_24' title="bbox 1092 2338 3655 2409; baseline 0 -18"><span class='ocrx_word' id='word_1_259' title='bbox 1092 2354 1226 2394; x_wconf 81' lang='lat' dir='ltr'>vcro</span> <span class='ocrx_word' id='word_1_260' title='bbox 1248 2339 1634 2394; x_wconf 80' lang='lat' dir='ltr'>Cantuariensi</span> <span class='ocrx_word' id='word_1_261' title='bbox 1659 2341 1852 2405; x_wconf 88' lang='lat' dir='ltr'>electo,</span> <span class='ocrx_word' id='word_1_262' title='bbox 1876 2357 2004 2395; x_wconf 88' lang='lat' dir='ltr'>cum</span> <span class='ocrx_word' id='word_1_263' title='bbox 2029 2340 2155 2394; x_wconf 85' lang='lat' dir='ltr'>aliis</span> <span class='ocrx_word' id='word_1_264' title='bbox 2182 2339 2427 2409; x_wconf 83' lang='lat' dir='ltr'>pluribus</span> <span class='ocrx_word' id='word_1_265' title='bbox 2452 2352 2616 2393; x_wconf 72' lang='lat' dir='ltr'>terrze</span> <span class='ocrx_word' id='word_1_266' title='bbox 2641 2339 3020 2409; x_wconf 73' lang='lat' dir='ltr'>optimatibus,</span> <span class='ocrx_word' id='word_1_267' title='bbox 3038 2338 3331 2407; x_wconf 70' lang='lat' dir='ltr'>pra-satum</span> <span class='ocrx_word' id='word_1_268' title='bbox 3362 2339 3429 2392; x_wconf 81' lang='lat' dir='ltr'>R.</span> <span class='ocrx_word' id='word_1_269' title='bbox 3449 2338 3655 2393; x_wconf 63' lang='lat' dir='ltr'>adduci</span> 
     </span>
     <span class='ocr_line' id='line_1_25' title="bbox 1090 2424 3656 2498; baseline -0.001 -17"><span class='ocrx_word' id='word_1_270' title='bbox 1090 2424 1195 2482; x_wconf 75' lang='lat' dir='ltr'>feci</span> <span class='ocrx_word' id='word_1_271' title='bbox 1219 2438 1274 2482; x_wconf 88' lang='lat' dir='ltr'>et</span> <span class='ocrx_word' id='word_1_272' title='bbox 1299 2426 1446 2483; x_wconf 79' lang='lat' dir='ltr'>bona</span> <span class='ocrx_word' id='word_1_273' title='bbox 1473 2427 1583 2483; x_wconf 80' lang='lat' dir='ltr'>tide</span> <span class='ocrx_word' id='word_1_274' title='bbox 1609 2428 1728 2483; x_wconf 84' lang='lat' dir='ltr'>sine</span> <span class='ocrx_word' id='word_1_275' title='bbox 1754 2428 1886 2483; x_wconf 86' lang='lat' dir='ltr'>dolo</span> <span class='ocrx_word' id='word_1_276' title='bbox 1912 2428 2063 2482; x_wconf 85' lang='lat' dir='ltr'>malo</span> <span class='ocrx_word' id='word_1_277' title='bbox 2089 2426 2145 2482; x_wconf 90' lang='lat' dir='ltr'>in</span> <span class='ocrx_word' id='word_1_278' title='bbox 2172 2427 2426 2498; x_wconf 84' lang='lat' dir='ltr'>hospicio</span> <span class='ocrx_word' id='word_1_279' title='bbox 2452 2444 2580 2484; x_wconf 76' lang='lat' dir='ltr'>meo</span> <span class='ocrx_word' id='word_1_280' title='bbox 2610 2427 2915 2498; x_wconf 71' lang='lat' dir='ltr'>episcopeli</span> <span class='ocrx_word' id='word_1_281' title='bbox 2942 2426 3108 2497; x_wconf 79' lang='lat' dir='ltr'>recipi</span> <span class='ocrx_word' id='word_1_282' title='bbox 3132 2438 3189 2483; x_wconf 83' lang='lat' dir='ltr'>et</span> <span class='ocrx_word' id='word_1_283' title='bbox 3213 2442 3341 2481; x_wconf 86' lang='lat' dir='ltr'>cum</span> <span class='ocrx_word' id='word_1_284' title='bbox 3367 2426 3656 2494; x_wconf 71' lang='lat' dir='ltr'>diligentia</span> 
     </span>
     <span class='ocr_line' id='line_1_26' title="bbox 1093 2513 3657 2587; baseline -0.001 -17"><span class='ocrx_word' id='word_1_285' title='bbox 1093 2513 1288 2570; x_wconf 84' lang='lat' dir='ltr'>debita</span> <span class='ocrx_word' id='word_1_286' title='bbox 1325 2516 1609 2582; x_wconf 85' lang='lat' dir='ltr'>custodiri,</span> <span class='ocrx_word' id='word_1_287' title='bbox 1636 2516 1817 2571; x_wconf 84' lang='lat' dir='ltr'>donec</span> <span class='ocrx_word' id='word_1_288' title='bbox 1856 2515 2183 2586; x_wconf 59' lang='lat' dir='ltr'>praesentari</span> <span class='ocrx_word' id='word_1_289' title='bbox 2220 2517 2517 2572; x_wconf 86' lang='lat' dir='ltr'>commode</span> <span class='ocrx_word' id='word_1_290' title='bbox 2560 2527 2749 2587; x_wconf 75' lang='lat' dir='ltr'>posset</span> <span class='ocrx_word' id='word_1_291' title='bbox 2784 2515 2969 2571; x_wconf 84' lang='lat' dir='ltr'>eidem</span> <span class='ocrx_word' id='word_1_292' title='bbox 3012 2515 3266 2578; x_wconf 83' lang='lat' dir='ltr'>concilio.</span> <span class='ocrx_word' id='word_1_293' title='bbox 3303 2526 3361 2569; x_wconf 90' lang='lat' dir='ltr'>ut</span> <span class='ocrx_word' id='word_1_294' title='bbox 3400 2530 3501 2585; x_wconf 84' lang='lat' dir='ltr'>per</span> <span class='ocrx_word' id='word_1_295' title='bbox 3533 2515 3657 2584; x_wconf 75' lang='lat' dir='ltr'>ejus</span> 
     </span>
     <span class='ocr_line' id='line_1_27' title="bbox 1093 2602 3659 2675; baseline -0 -18"><span class='ocrx_word' id='word_1_296' title='bbox 1093 2602 1432 2658; x_wconf 82' lang='lat' dir='ltr'>sententiam</span> <span class='ocrx_word' id='word_1_297' title='bbox 1465 2616 1520 2658; x_wconf 86' lang='lat' dir='ltr'>et</span> <span class='ocrx_word' id='word_1_298' title='bbox 1551 2603 1938 2659; x_wconf 82' lang='lat' dir='ltr'>diffinitionem</span> <span class='ocrx_word' id='word_1_299' title='bbox 1974 2620 2076 2675; x_wconf 92' lang='lat' dir='ltr'>pro</span> <span class='ocrx_word' id='word_1_300' title='bbox 2110 2604 2225 2659; x_wconf 84' lang='lat' dir='ltr'>suis</span> <span class='ocrx_word' id='word_1_301' title='bbox 2259 2605 2578 2666; x_wconf 73' lang='lat' dir='ltr'>sceleribus,</span> <span class='ocrx_word' id='word_1_302' title='bbox 2604 2620 2731 2674; x_wconf 77' lang='lat' dir='ltr'>qua:</span> <span class='ocrx_word' id='word_1_303' title='bbox 2767 2603 2912 2658; x_wconf 84' lang='lat' dir='ltr'>adeo</span> <span class='ocrx_word' id='word_1_304' title='bbox 2948 2615 3077 2658; x_wconf 82' lang='lat' dir='ltr'>sunt</span> <span class='ocrx_word' id='word_1_305' title='bbox 3114 2603 3335 2674; x_wconf 71' lang='lat' dir='ltr'>publica</span> <span class='ocrx_word' id='word_1_306' title='bbox 3358 2615 3413 2656; x_wconf 87' lang='lat' dir='ltr'>et</span> <span class='ocrx_word' id='word_1_307' title='bbox 3440 2604 3659 2657; x_wconf 80' lang='lat' dir='ltr'>notoria</span> 
     </span>
     <span class='ocr_line' id='line_1_28' title="bbox 1089 2690 3655 2761; baseline 0 -17"><span class='ocrx_word' id='word_1_308' title='bbox 1089 2690 1242 2760; x_wconf 87' lang='lat' dir='ltr'>quod</span> <span class='ocrx_word' id='word_1_309' title='bbox 1265 2691 1417 2745; x_wconf 89' lang='lat' dir='ltr'>nulla</span> <span class='ocrx_word' id='word_1_310' title='bbox 1450 2703 1708 2761; x_wconf 88' lang='lat' dir='ltr'>poterunt</span> <span class='ocrx_word' id='word_1_311' title='bbox 1740 2690 2201 2760; x_wconf 78' lang='lat' dir='ltr'>tergiversatione</span> <span class='ocrx_word' id='word_1_312' title='bbox 2234 2691 2420 2754; x_wconf 83' lang='lat' dir='ltr'>celari,</span> <span class='ocrx_word' id='word_1_313' title='bbox 2445 2693 2715 2761; x_wconf 86' lang='lat' dir='ltr'>reciperet</span> <span class='ocrx_word' id='word_1_314' title='bbox 2747 2690 2897 2761; x_wconf 90' lang='lat' dir='ltr'>quod</span> <span class='ocrx_word' id='word_1_315' title='bbox 2936 2691 3123 2760; x_wconf 87' lang='lat' dir='ltr'>inique</span> <span class='ocrx_word' id='word_1_316' title='bbox 3160 2693 3351 2758; x_wconf 67' lang='lat' dir='ltr'>gessit.</span> <span class='ocrx_word' id='word_1_317' title='bbox 3426 2691 3499 2746; x_wconf 76' lang='lat' dir='ltr'>Et</span> <span class='ocrx_word' id='word_1_318' title='bbox 3527 2691 3655 2744; x_wconf 79' lang='lat' dir='ltr'>licet</span> 
     </span>
     <span class='ocr_line' id='line_1_29' title="bbox 1093 2778 3655 2852; baseline 0 -20"><span class='ocrx_word' id='word_1_319' title='bbox 1093 2794 1207 2832; x_wconf 89' lang='lat' dir='ltr'>non</span> <span class='ocrx_word' id='word_1_320' title='bbox 1231 2791 1378 2834; x_wconf 77' lang='lat' dir='ltr'>esset</span> <span class='ocrx_word' id='word_1_321' title='bbox 1405 2779 1700 2834; x_wconf 78' lang='lat' dir='ltr'>verisimile</span> <span class='ocrx_word' id='word_1_322' title='bbox 1731 2779 1899 2852; x_wconf 76' lang='lat' dir='ltr'>quod,</span> <span class='ocrx_word' id='word_1_323' title='bbox 1924 2779 2157 2834; x_wconf 87' lang='lat' dir='ltr'>domino</span> <span class='ocrx_word' id='word_1_324' title='bbox 2196 2797 2342 2846; x_wconf 81' lang='lat' dir='ltr'>rege,</span> <span class='ocrx_word' id='word_1_325' title='bbox 2368 2780 2631 2849; x_wconf 70' lang='lat' dir='ltr'>pra-latis,</span> <span class='ocrx_word' id='word_1_326' title='bbox 2658 2778 2953 2834; x_wconf 83' lang='lat' dir='ltr'>comitibus</span> <span class='ocrx_word' id='word_1_327' title='bbox 2977 2795 3043 2832; x_wconf 71' lang='lat' dir='ltr'>nc</span> <span class='ocrx_word' id='word_1_328' title='bbox 3070 2779 3195 2832; x_wconf 80' lang='lat' dir='ltr'>aliis</span> <span class='ocrx_word' id='word_1_329' title='bbox 3228 2791 3391 2833; x_wconf 69' lang='lat' dir='ltr'>terrae</span> <span class='ocrx_word' id='word_1_330' title='bbox 3421 2779 3655 2848; x_wconf 75' lang='lat' dir='ltr'>optima·</span> 
     </span>
     <span class='ocr_line' id='line_1_30' title="bbox 1090 2864 3659 2937; baseline -0.001 -17"><span class='ocrx_word' id='word_1_331' title='bbox 1090 2864 1243 2920; x_wconf 90' lang='lat' dir='ltr'>tibus</span> <span class='ocrx_word' id='word_1_332' title='bbox 1262 2866 1572 2920; x_wconf 70' lang='lat' dir='ltr'>Londonize</span> <span class='ocrx_word' id='word_1_333' title='bbox 1599 2878 1730 2922; x_wconf 89' lang='lat' dir='ltr'>tunc</span> <span class='ocrx_word' id='word_1_334' title='bbox 1756 2867 2109 2934; x_wconf 74' lang='lat' dir='ltr'>congregatis</span> <span class='ocrx_word' id='word_1_335' title='bbox 2122 2878 2178 2923; x_wconf 88' lang='lat' dir='ltr'>et</span> <span class='ocrx_word' id='word_1_336' title='bbox 2207 2867 2575 2937; x_wconf 62' lang='lat' dir='ltr'>pra-sentibus</span> <span class='ocrx_word' id='word_1_337' title='bbox 2602 2884 2701 2937; x_wconf 87' lang='lat' dir='ltr'>pro</span> <span class='ocrx_word' id='word_1_338' title='bbox 2720 2866 2945 2937; x_wconf 76' lang='lat' dir='ltr'>justicia</span> <span class='ocrx_word' id='word_1_339' title='bbox 2972 2865 3219 2920; x_wconf 89' lang='lat' dir='ltr'>ibidem</span> <span class='ocrx_word' id='word_1_340' title='bbox 3206 2883 3261 2920; x_wconf 85' lang='lat' dir='ltr'>tn</span> <span class='ocrx_word' id='word_1_341' title='bbox 3289 2869 3659 2936; x_wconf 77' lang='lat' dir='ltr'>parliamento</span> 
     </span>
     <span class='ocr_line' id='line_1_31' title="bbox 1091 2953 3659 3025; baseline -0 -16"><span class='ocrx_word' id='word_1_342' title='bbox 1091 2954 1418 3009; x_wconf 80' lang='lat' dir='ltr'>convocatis</span> <span class='ocrx_word' id='word_1_343' title='bbox 1443 2955 1702 3009; x_wconf 84' lang='lat' dir='ltr'>omnibus</span> <span class='ocrx_word' id='word_1_344' title='bbox 1729 2955 2047 3010; x_wconf 77' lang='lat' dir='ltr'>exhibenda</span> <span class='ocrx_word' id='word_1_345' title='bbox 2069 2955 2150 3018; x_wconf 89' lang='lat' dir='ltr'>(in</span> <span class='ocrx_word' id='word_1_346' title='bbox 2175 2971 2411 3025; x_wconf 90' lang='lat' dir='ltr'>quorum</span> <span class='ocrx_word' id='word_1_347' title='bbox 2438 2971 2600 3009; x_wconf 80' lang='lat' dir='ltr'>sacro</span> <span class='ocrx_word' id='word_1_348' title='bbox 2625 2955 2894 3008; x_wconf 87' lang='lat' dir='ltr'>comitatu</span> <span class='ocrx_word' id='word_1_349' title='bbox 2921 2953 3087 3008; x_wconf 87' lang='lat' dir='ltr'>nichil</span> <span class='ocrx_word' id='word_1_350' title='bbox 3110 2970 3144 3008; x_wconf 88' lang='lat' dir='ltr'>a</span> <span class='ocrx_word' id='word_1_351' title='bbox 3163 2970 3447 3024; x_wconf 81' lang='lat' dir='ltr'>quoquam</span> <span class='ocrx_word' id='word_1_352' title='bbox 3474 2953 3659 3008; x_wconf 73' lang='lat' dir='ltr'>timeri</span> 
     </span>
     <span class='ocr_line' id='line_1_32' title="bbox 1089 3041 3655 3113; baseline -0 -17"><span class='ocrx_word' id='word_1_353' title='bbox 1089 3041 1268 3113; x_wconf 88' lang='lat' dir='ltr'>potuit</span> <span class='ocrx_word' id='word_1_354' title='bbox 1295 3043 1380 3099; x_wconf 78' lang='lat' dir='ltr'>vel</span> <span class='ocrx_word' id='word_1_355' title='bbox 1413 3042 1606 3098; x_wconf 87' lang='lat' dir='ltr'>debuit</span> <span class='ocrx_word' id='word_1_356' title='bbox 1643 3042 1714 3097; x_wconf 91' lang='lat' dir='ltr'>de</span> <span class='ocrx_word' id='word_1_357' title='bbox 1742 3043 1908 3112; x_wconf 84' lang='lat' dir='ltr'>jure),</span> <span class='ocrx_word' id='word_1_358' title='bbox 1935 3042 2046 3096; x_wconf 76' lang='lat' dir='ltr'>vim</span> <span class='ocrx_word' id='word_1_359' title='bbox 2076 3043 2162 3099; x_wconf 75' lang='lat' dir='ltr'>vel</span> <span class='ocrx_word' id='word_1_360' title='bbox 2190 3055 2401 3098; x_wconf 88' lang='lat' dir='ltr'>metum</span> <span class='ocrx_word' id='word_1_361' title='bbox 2428 3043 2707 3113; x_wconf 82' lang='lat' dir='ltr'>quispiam</span> <span class='ocrx_word' id='word_1_362' title='bbox 2742 3053 3038 3112; x_wconf 80' lang='lat' dir='ltr'>pateretur,</span> <span class='ocrx_word' id='word_1_363' title='bbox 3062 3053 3251 3096; x_wconf 82' lang='lat' dir='ltr'>tamen</span> <span class='ocrx_word' id='word_1_364' title='bbox 3286 3057 3385 3110; x_wconf 80' lang='lat' dir='ltr'>per</span> <span class='ocrx_word' id='word_1_365' title='bbox 3416 3057 3655 3112; x_wconf 76' lang='lat' dir='ltr'>quorun-</span> 
     </span>
     <span class='ocr_line' id='line_1_33' title="bbox 1089 3127 3659 3200; baseline 0 -16"><span class='ocrx_word' id='word_1_366' title='bbox 1089 3130 1225 3185; x_wconf 86' lang='lat' dir='ltr'>dam</span> <span class='ocrx_word' id='word_1_367' title='bbox 1255 3142 1599 3186; x_wconf 86' lang='lat' dir='ltr'>armatorum</span> <span class='ocrx_word' id='word_1_368' title='bbox 1634 3131 1961 3200; x_wconf 77' lang='lat' dir='ltr'>potentiam,</span> <span class='ocrx_word' id='word_1_369' title='bbox 1988 3129 2178 3185; x_wconf 80' lang='lat' dir='ltr'>invitis</span> <span class='ocrx_word' id='word_1_370' title='bbox 2218 3131 2544 3186; x_wconf 78' lang='lat' dir='ltr'>custodibus</span> <span class='ocrx_word' id='word_1_371' title='bbox 2583 3147 2681 3200; x_wconf 90' lang='lat' dir='ltr'>per</span> <span class='ocrx_word' id='word_1_372' title='bbox 2718 3147 2807 3184; x_wconf 87' lang='lat' dir='ltr'>me</span> <span class='ocrx_word' id='word_1_373' title='bbox 2846 3130 2950 3184; x_wconf 89' lang='lat' dir='ltr'>sibi</span> <span class='ocrx_word' id='word_1_374' title='bbox 2980 3127 3348 3198; x_wconf 69' lang='lat' dir='ltr'>[assignatisl.</span> <span class='ocrx_word' id='word_1_375' title='bbox 3376 3145 3475 3200; x_wconf 77' lang='lat' dir='ltr'>per</span> <span class='ocrx_word' id='word_1_376' title='bbox 3505 3131 3659 3184; x_wconf 63' lang='lat' dir='ltr'>citu</span> 
     </span>
     <span class='ocr_line' id='line_1_34' title="bbox 1095 3215 3659 3288; baseline -0 -15"><span class='ocrx_word' id='word_1_377' title='bbox 1095 3218 1520 3273; x_wconf 84' lang='lat' dir='ltr'>Londonienses</span> <span class='ocrx_word' id='word_1_378' title='bbox 1545 3235 1717 3288; x_wconf 85' lang='lat' dir='ltr'>usque</span> <span class='ocrx_word' id='word_1_379' title='bbox 1742 3218 1817 3272; x_wconf 87' lang='lat' dir='ltr'>ad</span> <span class='ocrx_word' id='word_1_380' title='bbox 1843 3230 2082 3273; x_wconf 90' lang='lat' dir='ltr'>mortem</span> <span class='ocrx_word' id='word_1_381' title='bbox 2111 3218 2246 3273; x_wconf 88' lang='lat' dir='ltr'>inibi</span> <span class='ocrx_word' id='word_1_382' title='bbox 2280 3218 2593 3273; x_wconf 81' lang='lat' dir='ltr'>custoditus</span> <span class='ocrx_word' id='word_1_383' title='bbox 2621 3215 2776 3287; x_wconf 70' lang='lat' dir='ltr'>[esd.</span> <span class='ocrx_word' id='word_1_384' title='bbox 2801 3235 2871 3272; x_wconf 90' lang='lat' dir='ltr'>ne</span> <span class='ocrx_word' id='word_1_385' title='bbox 2907 3217 3092 3272; x_wconf 83' lang='lat' dir='ltr'>dictus</span> <span class='ocrx_word' id='word_1_386' title='bbox 3124 3219 3208 3284; x_wconf 64' lang='lat' dir='ltr'>R„</span> <span class='ocrx_word' id='word_1_387' title='bbox 3235 3234 3401 3288; x_wconf 81' lang='lat' dir='ltr'>quem</span> <span class='ocrx_word' id='word_1_388' title='bbox 3434 3219 3659 3272; x_wconf 67' lang='lat' dir='ltr'>bostem</span> 
     </span>
     <span class='ocr_line' id='line_1_35' title="bbox 1093 3304 3659 3376; baseline -0 -15"><span class='ocrx_word' id='word_1_389' title='bbox 1093 3307 1252 3374; x_wconf 83' lang='lat' dir='ltr'>regni</span> <span class='ocrx_word' id='word_1_390' title='bbox 1279 3306 1560 3376; x_wconf 86' lang='lat' dir='ltr'>publicum</span> <span class='ocrx_word' id='word_1_391' title='bbox 1587 3308 1938 3375; x_wconf 79' lang='lat' dir='ltr'>reputabant,</span> <span class='ocrx_word' id='word_1_392' title='bbox 1967 3304 2219 3374; x_wconf 76' lang='lat' dir='ltr'>[auxilio]</span> <span class='ocrx_word' id='word_1_393' title='bbox 2246 3306 2601 3376; x_wconf 79' lang='lat' dir='ltr'>quorundam</span> <span class='ocrx_word' id='word_1_394' title='bbox 2631 3305 2940 3360; x_wconf 85' lang='lat' dir='ltr'>amicorum</span> <span class='ocrx_word' id='word_1_395' title='bbox 2972 3322 3197 3360; x_wconf 81' lang='lat' dir='ltr'>suorum</span> <span class='ocrx_word' id='word_1_396' title='bbox 3222 3317 3277 3360; x_wconf 79' lang='lat' dir='ltr'>et</span> <span class='ocrx_word' id='word_1_397' title='bbox 3303 3305 3659 3360; x_wconf 64' lang='lat' dir='ltr'>familiarium</span> 
     </span>
     <span class='ocr_line' id='line_1_36' title="bbox 1093 3393 3655 3464; baseline 0 -16"><span class='ocrx_word' id='word_1_398' title='bbox 1093 3393 1147 3448; x_wconf 87' lang='lat' dir='ltr'>in</span> <span class='ocrx_word' id='word_1_399' title='bbox 1191 3393 1418 3449; x_wconf 82' lang='lat' dir='ltr'>civitate</span> <span class='ocrx_word' id='word_1_400' title='bbox 1459 3394 1836 3449; x_wconf 81' lang='lat' dir='ltr'>Londoniensi</span> <span class='ocrx_word' id='word_1_401' title='bbox 1879 3395 2259 3463; x_wconf 68' lang='lat' dir='ltr'>pra-sentium,</span> <span class='ocrx_word' id='word_1_402' title='bbox 2300 3395 2423 3462; x_wconf 85' lang='lat' dir='ltr'>ejus</span> <span class='ocrx_word' id='word_1_403' title='bbox 2464 3393 2878 3456; x_wconf 80' lang='lat' dir='ltr'>libcracionem.</span> <span class='ocrx_word' id='word_1_404' title='bbox 2916 3404 2972 3448; x_wconf 90' lang='lat' dir='ltr'>ut</span> <span class='ocrx_word' id='word_1_405' title='bbox 3016 3393 3365 3454; x_wconf 65' lang='lat' dir='ltr'>asserebant.</span> <span class='ocrx_word' id='word_1_406' title='bbox 3398 3410 3563 3464; x_wconf 73' lang='lat' dir='ltr'>prece</span> <span class='ocrx_word' id='word_1_407' title='bbox 3600 3407 3655 3448; x_wconf 75' lang='lat' dir='ltr'>et</span> 
     </span>
     <span class='ocr_line' id='line_1_37' title="bbox 1091 3479 3655 3552; baseline -0.001 -17"><span class='ocrx_word' id='word_1_408' title='bbox 1091 3483 1298 3552; x_wconf 81' lang='lat' dir='ltr'>precio,</span> <span class='ocrx_word' id='word_1_409' title='bbox 1315 3483 1632 3536; x_wconf 85' lang='lat' dir='ltr'>muneribus</span> <span class='ocrx_word' id='word_1_410' title='bbox 1651 3483 1798 3536; x_wconf 77' lang='lat' dir='ltr'>datis</span> <span class='ocrx_word' id='word_1_411' title='bbox 1814 3495 1868 3536; x_wconf 87' lang='lat' dir='ltr'>et</span> <span class='ocrx_word' id='word_1_412' title='bbox 1885 3483 2179 3552; x_wconf 71' lang='lat' dir='ltr'>promissis</span> <span class='ocrx_word' id='word_1_413' title='bbox 2197 3479 2672 3552; x_wconf 80' lang='lat' dir='ltr'>tracta[n]t[i]um,</span> <span class='ocrx_word' id='word_1_414' title='bbox 2687 3483 2945 3536; x_wconf 73' lang='lat' dir='ltr'>evaderet</span> <span class='ocrx_word' id='word_1_415' title='bbox 2967 3481 3163 3550; x_wconf 72' lang='lat' dir='ltr'>quovis</span> <span class='ocrx_word' id='word_1_416' title='bbox 3185 3481 3355 3534; x_wconf 85' lang='lat' dir='ltr'>modo</span> <span class='ocrx_word' id='word_1_417' title='bbox 3378 3481 3527 3533; x_wconf 55' lang='lat' dir='ltr'><strong>&#39;—.S⁴</strong></span> <span class='ocrx_word' id='word_1_418' title='bbox 3544 3485 3655 3550; x_wconf 65' lang='lat' dir='ltr'>rip-</span> 
     </span>
     <span class='ocr_line' id='line_1_38' title="bbox 1091 3568 3657 3638; baseline 0.001 -16"><span class='ocrx_word' id='word_1_419' title='bbox 1091 3575 1238 3623; x_wconf 78' lang='lat' dir='ltr'>tores</span> <span class='ocrx_word' id='word_1_420' title='bbox 1265 3570 1356 3634; x_wconf 73' lang='lat' dir='ltr'>X..</span> <span class='ocrx_word' id='word_1_421' title='bbox 1383 3571 1539 3637; x_wconf 77' lang='lat'><strong>2763.</strong></span> <span class='ocrx_word' id='word_1_422' title='bbox 1614 3569 1761 3630; x_wconf 76' lang='lat' dir='ltr'>(The</span> <span class='ocrx_word' id='word_1_423' title='bbox 1794 3570 2130 3636; x_wconf 79' lang='lat' dir='ltr'>concluding</span> <span class='ocrx_word' id='word_1_424' title='bbox 2158 3579 2417 3624; x_wconf 81' lang='lat' dir='ltr'>sentence</span> <span class='ocrx_word' id='word_1_425' title='bbox 2446 3571 2491 3623; x_wconf 85' lang='lat' dir='ltr'>is</span> <span class='ocrx_word' id='word_1_426' title='bbox 2516 3568 2695 3624; x_wconf 84' lang='lat' dir='ltr'>either</span> <span class='ocrx_word' id='word_1_427' title='bbox 2721 3581 2944 3638; x_wconf 88' lang='lat' dir='ltr'>corrupt</span> <span class='ocrx_word' id='word_1_428' title='bbox 2970 3585 3033 3622; x_wconf 87' lang='lat' dir='ltr'>or</span> <span class='ocrx_word' id='word_1_429' title='bbox 3060 3569 3391 3636; x_wconf 74' lang='lat' dir='ltr'>incorrectly</span> <span class='ocrx_word' id='word_1_430' title='bbox 3418 3569 3657 3636; x_wconf 64' lang='lat' dir='ltr'>printed.</span> 
     </span>
     <span class='ocr_line' id='line_1_39' title="bbox 1093 3655 3659 3726; baseline -0 -15"><span class='ocrx_word' id='word_1_431' title='bbox 1093 3657 1408 3724; x_wconf 80' lang='lat' dir='ltr'>Suggested</span> <span class='ocrx_word' id='word_1_432' title='bbox 1434 3658 1822 3712; x_wconf 80' lang='lat' dir='ltr'>emendations</span> <span class='ocrx_word' id='word_1_433' title='bbox 1853 3675 1946 3711; x_wconf 85' lang='lat' dir='ltr'>are</span> <span class='ocrx_word' id='word_1_434' title='bbox 1983 3657 2179 3726; x_wconf 84' lang='lat' dir='ltr'>placed</span> <span class='ocrx_word' id='word_1_435' title='bbox 2208 3657 2397 3711; x_wconf 74' lang='lat' dir='ltr'>within</span> <span class='ocrx_word' id='word_1_436' title='bbox 2434 3658 2732 3716; x_wconf 79' lang='lat' dir='ltr'>brackets).</span> <span class='ocrx_word' id='word_1_437' title='bbox 2808 3657 2932 3710; x_wconf 75' lang='lat' dir='ltr'>The</span> <span class='ocrx_word' id='word_1_438' title='bbox 2958 3655 3217 3710; x_wconf 69' lang='lat' dir='ltr'>Annales</span> <span class='ocrx_word' id='word_1_439' title='bbox 3244 3657 3505 3721; x_wconf 70' lang='lat' dir='ltr'>Paulini,</span> <span class='ocrx_word' id='word_1_440' title='bbox 3536 3671 3659 3724; x_wconf 70' lang='lat' dir='ltr'>pn.</span> 
     </span>
     <span class='ocr_line' id='line_1_40' title="bbox 1092 3744 3657 3814; baseline 0.001 -18"><span class='ocrx_word' id='word_1_441' title='bbox 1092 3747 1218 3814; x_wconf 77' lang='lat' dir='ltr'>give</span> <span class='ocrx_word' id='word_1_442' title='bbox 1251 3746 1451 3800; x_wconf 80' lang='lat' dir='ltr'>details</span> <span class='ocrx_word' id='word_1_443' title='bbox 1474 3745 1537 3799; x_wconf 76' lang='lat' dir='ltr'>os</span> <span class='ocrx_word' id='word_1_444' title='bbox 1564 3746 1656 3800; x_wconf 86' lang='lat' dir='ltr'>the</span> <span class='ocrx_word' id='word_1_445' title='bbox 1695 3745 2058 3799; x_wconf 73' lang='lat' dir='ltr'>interference</span> <span class='ocrx_word' id='word_1_446' title='bbox 2084 3744 2150 3800; x_wconf 75' lang='lat' dir='ltr'>os</span> <span class='ocrx_word' id='word_1_447' title='bbox 2174 3747 2270 3800; x_wconf 85' lang='lat' dir='ltr'>tbc</span> <span class='ocrx_word' id='word_1_448' title='bbox 2303 3746 2663 3800; x_wconf 84' lang='lat' dir='ltr'>Londoncrs:</span> <span class='ocrx_word' id='word_1_449' title='bbox 2705 3747 2719 3773; x_wconf 82' lang='lat'><strong>⁴</strong></span> <span class='ocrx_word' id='word_1_450' title='bbox 2742 3747 2869 3798; x_wconf 77' lang='lat' dir='ltr'>Post</span> <span class='ocrx_word' id='word_1_451' title='bbox 2908 3745 3309 3812; x_wconf 73' lang='lat' dir='ltr'>aliquantulum</span> <span class='ocrx_word' id='word_1_452' title='bbox 3348 3761 3481 3798; x_wconf 73' lang='lat' dir='ltr'>vero</span> <span class='ocrx_word' id='word_1_453' title='bbox 3516 3758 3657 3798; x_wconf 73' lang='lat' dir='ltr'>tern-</span> 
     </span>
     <span class='ocr_line' id='line_1_41' title="bbox 1095 3833 3657 3904; baseline 0 -18"><span class='ocrx_word' id='word_1_454' title='bbox 1095 3835 1244 3904; x_wconf 85' lang='lat' dir='ltr'>poris</span> <span class='ocrx_word' id='word_1_455' title='bbox 1273 3835 1452 3902; x_wconf 79' lang='lat' dir='ltr'>ipsum</span> <span class='ocrx_word' id='word_1_456' title='bbox 1482 3833 1803 3888; x_wconf 83' lang='lat' dir='ltr'>Londonias</span> <span class='ocrx_word' id='word_1_457' title='bbox 1830 3834 2002 3896; x_wconf 78' lang='lat' dir='ltr'>duxit,</span> <span class='ocrx_word' id='word_1_458' title='bbox 2020 3847 2074 3887; x_wconf 90' lang='lat' dir='ltr'>et</span> <span class='ocrx_word' id='word_1_459' title='bbox 2105 3833 2157 3887; x_wconf 88' lang='lat' dir='ltr'>in</span> <span class='ocrx_word' id='word_1_460' title='bbox 2183 3834 2354 3886; x_wconf 89' lang='lat' dir='ltr'>domo</span> <span class='ocrx_word' id='word_1_461' title='bbox 2382 3851 2481 3887; x_wconf 80' lang='lat' dir='ltr'>sua</span> <span class='ocrx_word' id='word_1_462' title='bbox 2510 3833 2564 3886; x_wconf 89' lang='lat' dir='ltr'>in</span> <span class='ocrx_word' id='word_1_463' title='bbox 2592 3833 2857 3902; x_wconf 86' lang='lat' dir='ltr'>parocbia</span> <span class='ocrx_word' id='word_1_464' title='bbox 2879 3835 3106 3886; x_wconf 71' lang='lat' dir='ltr'>Sancta:</span> <span class='ocrx_word' id='word_1_465' title='bbox 3134 3833 3329 3886; x_wconf 67' lang='lat' dir='ltr'>Maris:</span> <span class='ocrx_word' id='word_1_466' title='bbox 3356 3833 3657 3886; x_wconf 59' lang='lat' dir='ltr'>&gt;luntbert-</span> 
     </span>
     <span class='ocr_line' id='line_1_42' title="bbox 1093 3919 3659 3991; baseline 0 -17"><span class='ocrx_word' id='word_1_467' title='bbox 1093 3920 1226 3975; x_wconf 87' lang='lat' dir='ltr'>haut</span> <span class='ocrx_word' id='word_1_468' title='bbox 1249 3921 1358 3990; x_wconf 55' lang='lat' dir='ltr'>[St</span> <span class='ocrx_word' id='word_1_469' title='bbox 1381 3922 1542 3991; x_wconf 75' lang='lat' dir='ltr'>Mary</span> <span class='ocrx_word' id='word_1_470' title='bbox 1564 3921 1916 3989; x_wconf 78' lang='lat' dir='ltr'>Mounthaw]</span> <span class='ocrx_word' id='word_1_471' title='bbox 1937 3921 2297 3976; x_wconf 75' lang='lat' dir='ltr'>incarceravit</span> <span class='ocrx_word' id='word_1_472' title='bbox 2318 3942 2331 3984; x_wconf 84' lang='lat'><strong>;</strong></span> <span class='ocrx_word' id='word_1_473' title='bbox 2370 3921 2468 3976; x_wconf 81' lang='lat' dir='ltr'>scd</span> <span class='ocrx_word' id='word_1_474' title='bbox 2488 3921 2672 3974; x_wconf 77' lang='lat' dir='ltr'>ballivi</span> <span class='ocrx_word' id='word_1_475' title='bbox 2699 3921 3117 3974; x_wconf 74' lang='lat' dir='ltr'>Londoniemes</span> <span class='ocrx_word' id='word_1_476' title='bbox 3136 3931 3193 3976; x_wconf 74' lang='lat' dir='ltr'>ct</span> <span class='ocrx_word' id='word_1_477' title='bbox 3214 3921 3306 3974; x_wconf 80' lang='lat' dir='ltr'>alii</span> <span class='ocrx_word' id='word_1_478' title='bbox 3328 3919 3399 3974; x_wconf 84' lang='lat' dir='ltr'>de</span> <span class='ocrx_word' id='word_1_479' title='bbox 3416 3933 3659 3982; x_wconf 68' lang='lat' dir='ltr'>cume.</span> 
     </span>
     <span class='ocr_line' id='line_1_43' title="bbox 1092 4009 3659 4080; baseline -0.001 -18"><span class='ocrx_word' id='word_1_480' title='bbox 1092 4009 1604 4064; x_wconf 58' lang='lat' dir='ltr'>animadvertentes</span> <span class='ocrx_word' id='word_1_481' title='bbox 1640 4009 1792 4080; x_wconf 88' lang='lat' dir='ltr'>quod</span> <span class='ocrx_word' id='word_1_482' title='bbox 1827 4010 2014 4063; x_wconf 63' lang='lat' dir='ltr'>dimus</span> <span class='ocrx_word' id='word_1_483' title='bbox 2048 4011 2345 4079; x_wconf 79' lang='lat' dir='ltr'>episcopus</span> <span class='ocrx_word' id='word_1_484' title='bbox 2382 4026 2495 4063; x_wconf 90' lang='lat' dir='ltr'>non</span> <span class='ocrx_word' id='word_1_485' title='bbox 2536 4009 2728 4063; x_wconf 82' lang='lat' dir='ltr'>babuit</span> <span class='ocrx_word' id='word_1_486' title='bbox 2769 4025 2871 4062; x_wconf 81' lang='lat' dir='ltr'>nec</span> <span class='ocrx_word' id='word_1_487' title='bbox 2910 4009 3117 4062; x_wconf 79' lang='lat' dir='ltr'>babere</span> <span class='ocrx_word' id='word_1_488' title='bbox 3156 4009 3333 4076; x_wconf 56' lang='lat' dir='ltr'>potnit</span> <span class='ocrx_word' id='word_1_489' title='bbox 3373 4025 3659 4078; x_wconf 69' lang='lat' dir='ltr'>proprium</span> 
     </span>
     <span class='ocr_line' id='line_1_44' title="bbox 1092 4094 3659 4162; baseline -0.001 -11"><span class='ocrx_word' id='word_1_490' title='bbox 1092 4113 1374 4152; x_wconf 82' lang='lat' dir='ltr'>carcerem</span> <span class='ocrx_word' id='word_1_491' title='bbox 1403 4097 1542 4151; x_wconf 75' lang='lat' dir='ltr'>infra</span> <span class='ocrx_word' id='word_1_492' title='bbox 1575 4115 1764 4152; x_wconf 77' lang='lat' dir='ltr'>muros</span> <span class='ocrx_word' id='word_1_493' title='bbox 1798 4097 2040 4152; x_wconf 62' lang='lat' dir='ltr'>cisitatis</span> <span class='ocrx_word' id='word_1_494' title='bbox 2071 4097 2496 4158; x_wconf 73' lang='lat' dir='ltr'>Londoniensis.</span> <span class='ocrx_word' id='word_1_495' title='bbox 2522 4094 2734 4150; x_wconf 83' lang='lat' dir='ltr'>dictum</span> <span class='ocrx_word' id='word_1_496' title='bbox 2770 4096 3099 4162; x_wconf 74' lang='lat' dir='ltr'>magistrum</span> <span class='ocrx_word' id='word_1_497' title='bbox 3132 4095 3199 4148; x_wconf 79' lang='lat' dir='ltr'>R.</span> <span class='ocrx_word' id='word_1_498' title='bbox 3226 4097 3277 4148; x_wconf 76' lang='lat' dir='ltr'>vi</span> <span class='ocrx_word' id='word_1_499' title='bbox 3303 4107 3659 4150; x_wconf 69' lang='lat' dir='ltr'>euram-nt</span> 
     </span>
     <span class='ocr_line' id='line_1_45' title="bbox 1092 4183 3309 4256; baseline -0.002 -16"><span class='ocrx_word' id='word_1_500' title='bbox 1092 4198 1148 4240; x_wconf 86' lang='lat' dir='ltr'>et</span> <span class='ocrx_word' id='word_1_501' title='bbox 1175 4184 1249 4239; x_wconf 88' lang='lat' dir='ltr'>ad</span> <span class='ocrx_word' id='word_1_502' title='bbox 1275 4202 1554 4241; x_wconf 82' lang='lat' dir='ltr'>carcerem</span> <span class='ocrx_word' id='word_1_503' title='bbox 1581 4187 1652 4240; x_wconf 88' lang='lat' dir='ltr'>de</span> <span class='ocrx_word' id='word_1_504' title='bbox 1683 4187 1938 4254; x_wconf 71' lang='lat' dir='ltr'>Neugsite</span> <span class='ocrx_word' id='word_1_505' title='bbox 1967 4186 2239 4240; x_wconf 78' lang='lat' dir='ltr'>duxerunt</span> <span class='ocrx_word' id='word_1_506' title='bbox 2264 4197 2319 4240; x_wconf 88' lang='lat' dir='ltr'>et</span> <span class='ocrx_word' id='word_1_507' title='bbox 2348 4185 2528 4256; x_wconf 84' lang='lat' dir='ltr'>ipsum</span> <span class='ocrx_word' id='word_1_508' title='bbox 2557 4185 2765 4240; x_wconf 76' lang='lat' dir='ltr'>ibidem</span> <span class='ocrx_word' id='word_1_509' title='bbox 2792 4183 3099 4238; x_wconf 62' lang='lat' dir='ltr'>incamus</span> <span class='ocrx_word' id='word_1_510' title='bbox 3112 4187 3309 4237; x_wconf 62' lang='lat' dir='ltr'>erunt!</span> 
     </span>
    </p>
   </div>
  </div>
 </body>
</html>
