4154 4895
578 473 721 525 Aa).
730 473 889 527 1⁸47.

584 850 729 900 Foru

581 913 793 967 erected.

586 1461 791 1513 Punlsh·

586 1540 717 1578 ment
742 1527 801 1577 os

594 3530 721 3580 Text
746 3534 801 3580 of
823 3534 905 3584 the

592 3605 737 3648 truce.

663 4039 843 4090 tm.

927 272 1009 337 9²
1797 258 2288 315 cnaeomcox
2332 258 2439 314 σΑ
2449 258 2741 313 Lfmm

930 458 1129 543 largis
1172 479 1287 525 eos
1330 456 1583 524 ditans¹
1634 458 2010 523 muneribus
2054 471 2256 541 atque
2302 457 2602 522 libertate
2646 477 2782 540 quo
2811 456 3050 521 vellent
3095 457 3293 521 eundi
3339 455 3458 519 ciis
3485 475 3642 521 con·

928 601 1149 657 cessa3
1210 580 1562 665 populares
1613 579 1823 645 eciam
1878 590 2172 664 repertos
2221 578 2288 643 in
2333 578 2489 643 villa
2535 577 2660 662 piis
2706 576 3078 643 elemosinis
3127 578 3321 659 regiis
3367 576 3644 641 resectos

929 702 1115 769 iussit
1159 723 1364 787 usque
1398 722 1623 767 versus
1666 712 1953 767 castrum
2000 703 2086 767 de
2132 698 2360 784 Gynes
2407 699 2743 764 indemnes
2785 698 3084 765 conduci.
3181 698 3334 763 Post
3381 698 3644 781 capcio-

930 843 1082 889 nem
1134 822 1307 899 ville,
1357 823 1600 888 milites
1649 844 1736 888 ex
1795 822 1968 905 regis
2021 822 2298 907 imperio
2353 831 2665 905 ceperunt
2720 820 3007 885 maneria
3057 821 3143 885 de
3198 818 3388 883 Merit
3440 832 3506 881 et
3558 818 3644 881 de

936 942 1160 1027 Hoye,
1202 957 1268 1010 et
1316 945 1380 1008 in
1428 943 1553 1008 illis
1596 964 1747 1010 cum
1798 963 2038 1025 magna
2081 942 2473 1009 difficultate
2515 938 2979 1007 edificaverunt
3028 938 3366 1014 fortalicia,
3413 939 3646 1023 positis

931 1066 1291 1132 secundum
1337 1067 1658 1141 ordinem,
1701 1065 1811 1130 ubi
1851 1086 2020 1133 nunc
2060 1078 2212 1130 sunt
2259 1065 2448 1140 muri,
2491 1064 2554 1128 in
2599 1064 2872 1129 circuitu
2917 1063 3126 1128 doleis
3163 1062 3316 1127 vino
3353 1062 3647 1127 vacuatis

929 1195 1034 1253 net
1080 1186 1411 1270 lapidibus
1457 1186 1741 1270 repletis,
1784 1198 1855 1251 ut
1894 1198 2142 1252 starem
2190 1206 2310 1271 pro
2357 1206 2546 1251 muro
2591 1196 2820 1252 contra
2863 1186 3105 1261 hostes,
3141 1184 3511 1250 castellanis
3557 1184 3642 1247 ad

934 1307 1105 1374 intra
1151 1328 1488 1372 murorum
1533 1305 1940 1374 edificacioni
1990 1307 2536 1373 incumbentibus·

1109 1426 1314 1494 Anno
1368 1428 1639 1493 Domini
1696 1427 2137 1512 u.CCC.xlvij.,
2189 1428 2495 1493 Edwardi
2551 1429 2722 1509 regis
2773 1427 3022 1511 Anglie
3079 1447 3252 1492 anno
3313 1426 3492 1509 regni
3545 1441 3648 1499 αι,

935 1570 1088 1635 rege
1150 1551 1352 1615 modo
1406 1551 1768 1636 prescripto
1824 1550 2152 1625 obsidioni
2208 1548 2447 1615 Calesii
2503 1549 2936 1625 incumbente,
2997 1550 3316 1633 predones
3378 1548 3440 1611 in
3501 1545 3648 1611 An·

934 1671 1088 1754 glia,
1125 1670 1376 1736 nullum
1417 1673 1784 1737 timendum
1827 1672 2228 1747 estimantes,
2263 1671 2567 1737 licencius
2607 1671 2804 1735 solito
2848 1691 2999 1735 suas
3045 1670 3376 1753 nequicias
3419 1690 3648 1733 excer-

935 1804 1247 1867 cuerunt;
1311 1793 1484 1857 unde
1531 1793 1867 1857 iusticiarii
1915 1805 2051 1857 tam
2102 1794 2423 1877 predones
2467 1812 2669 1875 quam
2716 1792 2882 1857 alios
2923 1794 3100 1877 pacis
3144 1792 3650 1876 perturbatores,

935 1923 1281 1995 tamquam
1332 1912 1702 1997 proditores
1758 1913 1927 1996 regis
1979 1923 2044 1977 et
2097 1913 2295 1995 regni,
2344 1914 2753 1997 puniverunt,
2799 1933 2929 1977 non
2978 1914 3124 1997 plus
3167 1913 3403 1977 clerico
3445 1934 3646 1995 quam

937 2034 1105 2099 laico
1138 2046 1493 2119 parcentes»,
1532 2034 1845 2119 imposito
1880 2035 2148 2100 cuilibet
2191 2036 2307 2100 tali
2351 2034 2716 2101 facinoroso
2764 2036 2976 2119 ipsum
3026 2035 3089 2098 in
3135 2035 3350 2119 capud
3397 2036 3646 2117 regium

936 2168 1003 2221 et
1038 2155 1217 2238 regni
1250 2155 1695 2240 perdicionem
1737 2155 1800 2220 in
1834 2154 2124 2220 savorem
2161 2156 2560 2222 Francorum
2601 2156 2798 2220 {uisse
2831 2176 3225 2241 perversum.

1114 2276 1371 2342 Eodem
1426 2290 1743 2362 tempore,
1796 2290 1945 2362 post
1996 2276 2250 2342 Kalesii
2302 2278 2705 2363 capcionem,
2760 2278 2998 2361 incepit
3055 2276 3182 2340 illis
3231 2276 3294 2341 in
3349 2278 3648 2362 partibus

940 2397 1051 2463 illa
1095 2396 1416 2482 generalis
1462 2397 1841 2483 pestilencia
1884 2419 1925 2464 a
1970 2398 2270 2484 partibus
2314 2400 2584 2464 orientis
2629 2398 2986 2464 successive
3030 2396 3318 2472 defluxa,
3365 2400 3536 2462 unde
3584 2400 3648 2462 in

937 2518 1231 2603 qualibet
1264 2531 1453 2604 parte
1499 2519 1727 2584 mundi
1776 2539 2016 2602 magna
2063 2519 2424 2585 multitudo
2469 2520 2811 2584 hominum
2856 2519 3193 2603 utriusque
3237 2541 3437 2584 sexus
3471 2521 3646 2584 viam

944 2641 1238 2705 universe
1273 2640 1486 2706 carnis
1518 2640 2023 2725 ingrediebatur,
2053 2642 2237 2707 sicud
2279 2642 2440 2706 infra
2477 2641 2732 2726 plenius
2761 2642 3034 2706 dicetur.

1116 2761 1335 2827 Tanta
1382 2763 1759 2846 pestilencia
1794 2764 2206 2828 occasionem
2250 2764 2676 2836 ministrante,
2719 2763 2897 2828 missi
2937 2762 3303 2828 cardinales
3337 2783 3422 2827 ex
3465 2777 3652 2847 parte

943 2881 1349 2948 Gallicorum
1394 2883 1725 2968 pecierunt
1772 2895 2036 2968 treugas
2077 2905 2119 2949 a
2154 2884 2468 2969 capcione
2509 2882 2749 2950 Caloeii
2797 2904 3003 2966 usque
3045 2885 3131 2948 ad
3168 2883 3404 2950 festum
3445 2885 3650 2950 sancti

944 3003 1245 3069 Barnabe
1290 3005 1601 3089 proximo
1638 3005 1927 3070 futurum
1964 3006 2333 3070 duraturas.
2425 3004 2682 3074 Presate
2723 3004 3028 3090 peticioni
3073 3025 3223 3088 rege
3262 3026 3650 3071 consensum

941 3127 1271 3211 prebente,
1315 3127 1701 3191 ordinantur
1744 3137 1973 3209 treuge
2018 3149 2135 3212 per
2179 3127 2509 3212 predictos
2552 3125 2915 3192 cardinales
2958 3140 3160 3210 atque
3205 3127 3516 3192 comitem
3567 3129 3656 3192 de

946 3248 1065 3313 Ew
1094 3259 1161 3312 et
1206 3248 1550 3312 dominum
1592 3249 1677 3313 de
1717 3245 2180 3332 Tankervylle,
2218 3248 2635 3333 prisonarios,
2679 3248 2803 3312 sub
2847 3247 3059 3313 forma
3105 3248 3169 3313 in
3217 3247 3476 3314 Gallico
3511 3249 3656 3332 qui·

940 3372 1094 3436 dem
1125 3369 1393 3442 dictata,
1426 3381 1521 3434 set
1558 3369 1619 3432 in
1654 3367 1966 3434 Latinum
2001 3370 2130 3434 mei
2164 3370 2527 3435 ministerio
2557 3370 2651 3436 sic
2681 3369 3036 3434 translata:

1116 3519 1133 3547 ‘
1158 3513 1685 3590 Memorandum,
1715 3516 1895 3598 quod
1942 3527 2172 3600 treuge
2219 3517 2384 3581 inter
2428 3518 2597 3582 duos
2638 3537 2824 3600 reges
2863 3529 3011 3580 sunt
3062 3516 3218 3580 inite
3260 3539 3381 3601 pro
3424 3517 3654 3602 scipsis

942 3629 1007 3682 et
1065 3639 1293 3683 eorum
1348 3620 1656 3684 subiectis
1702 3633 1768 3684 et
1820 3641 2048 3685 eorum
2109 3622 2603 3686 coadiutoribus
2652 3635 2718 3686 et
2771 3621 2891 3684 ciis
2941 3621 3362 3684 aderentibus
3413 3633 3478 3686 et
3533 3643 3656 3706 pro

943 3735 1088 3788 tota
1141 3724 1353 3807 patria
1406 3724 1493 3788 ab
1543 3725 1660 3788 eiis
1721 3724 1985 3800 inculta,
2036 3725 2128 3790 ita
2180 3726 2360 3808 quod
2413 3745 2644 3790 omnes
2694 3725 3020 3809 capitanei
3073 3727 3364 3810 predicte
3423 3747 3656 3810 guerre

944 3826 1071 3890 sint
1103 3827 1380 3908 obligati
1411 3841 1475 3892 et
1512 3828 1701 3893 iurati
1737 3829 1799 3892 in
1832 3829 2097 3912 speciali
2129 3830 2213 3894 ad
2248 3841 2511 3912 treugas
2542 3830 2879 3894 tenendas.

1118 3931 1415 4014 ‘Treuge
1470 3933 1589 3996 iste
1645 3933 1803 3996 inite
1854 3933 2226 4017 specialiter
2276 3955 2362 3997 ex
2421 3947 2608 4019 parte
2661 3955 2782 4018 pro
2842 3955 2993 4016 rege
3053 3932 3300 4016 Anglie
3356 3955 3654 4018 eompre-

945 4034 1234 4100 hendant
1296 4049 1507 4102 totam
1572 4036 1948 4102 flandriam
2009 4049 2074 4102 et
2138 4050 2378 4102 terram
2432 4040 2517 4102 de
2571 4037 2840 4103 Labene
2890 4051 2956 4104 et
3008 4037 3232 4103 villam
3287 4038 3526 4104 Calcsii
3587 4055 3648 4104 et

2113 4231 2129 4264 ¹
2169 4233 2380 4287 dctans.
2425 4233 2486 4286 Β.
