4154 4895
988 232 1109 293 166
1806 246 2286 304 CHRONICUL
2297 249 2428 305 w!
2470 250 2878 307 GALFRJDI

1154 444 1546 509 M.C.xxxix.
1637 444 1755 511 Ab
1813 447 2107 512 adventu
2172 448 2472 514 Matildis
2540 450 2976 534 imperatricis
3036 452 3102 517 in
3162 452 3505 538 Angliam,
3559 474 3698 538 que

973 582 1214 656 quarto
1259 572 1359 635 sui
1405 571 1729 635 adventus
1773 588 1949 634 anno
1992 568 2427 635 obsidebatur
2468 592 2585 656 per
2616 592 2841 657 regem
2875 570 3337 659 Stephanum¹
3376 576 3442 639 in
3473 588 3697 641 castro

976 694 1262 764 Oxonie.
3355 696 3603 779 ccv-iij,

1151 812 1438 897 M.c.liiij.
1529 810 1648 876 Ab
1710 810 1900 877 obitu
1968 809 2142 896 regis
2207 810 2554 895 Stephani,
2599 834 2750 880 curn
2821 827 3160 899 regnasset
3235 817 3380 881 xix.
3455 818 3690 893 annin

970 935 1287 1021 sepelitur
1340 934 1521 1019 apud
1596 931 2019 998 Faversham.
2113 931 2374 998 Eodem
2438 954 2615 1000 anno
2683 949 3039 1001 coronatur
3107 936 3454 1009 Henricus.
3515 935 3690 1000 filius

975 1056 1437 1145 imperatricis.
3348 1057 3596 1140 cxciij.

1146 1178 1381 1244 M.c.lv.
1471 1175 1543 1243 A
1589 1173 1937 1241 nativitate
2004 1174 2179 1258 regis
2228 1174 2500 1242 Henrici
2560 1178 2765 1257 tercii,
2808 1178 2968 1244 dicti
3015 1178 3378 1246 ‘Henricun
3433 1178 3686 1255 iunior‚'

970 1301 1087 1367 filii
1132 1301 1304 1383 regis
1352 1297 1624 1364 Henrici
1670 1296 1960 1364 secundi.
3373 1300 3594 1383 cxcij.

1142 1420 1423 1506 [αἰνῇ.
1512 1417 1584 1485 Α
1616 1419 1961 1484 nativitate
2006 1416 2405 1482 serenissimi
2453 1418 2624 1502 regis
2674 1418 2957 1495 Ricardi,
2990 1421 3150 1487 dicti
3186 1420 3359 1488 ‘Cor
3391 1418 3684 1499 Leonis,’

968 1546 1034 1610 in
1080 1543 1341 1632 palacio
1386 1543 1558 1628 regis
1602 1542 1782 1626 apud
1829 1539 2187 1605 Oxoniarn.
3415 1558 3590 1608 cxc.

1138 1664 1477 1749 mclxiiij.
1564 1661 1635 1727 A
1703 1660 2143 1727 translacione
2207 1660 2418 1726 sancti
2489 1659 2823 1737 Edwardi,
2887 1662 3059 1745 regis
3126 1672 3195 1727 et
3262 1662 3680 1741 confessoris,

962 1790 1141 1874 apud
1190 1784 1875 1862 westmonasterium,
1922 1803 2037 1868 per
2095 1792 2400 1847 sanctum
2459 1779 2817 1857 Thomarn,
2864 1781 3416 1849 cantuariensem
3461 1787 3678 1851 archi·

967 1910 1377 1996 episcopum.
3241 1904 3583 1991 c.lxxxiij.

1141 2028 1446 2111 u.c.1xvj.
1506 2026 1605 2115 ⁸A
1696 2024 2044 2091 nativitate
2134 2024 2306 2105 regis
2399 2023 2728 2097 Iohannis,
2816 2023 3032 2090 fratris
3121 2027 3292 2109 regis
3385 2026 3676 2095 Ricardi.

968 2153 1226 2218 Eodem
1295 2171 1473 2216 anno
1538 2147 1837 2214 Matildis
1903 2146 2316 2232 imperatrix,
2381 2144 2518 2211 filia
2585 2146 2756 2229 regis
2828 2146 3099 2213 Henrici
3168 2149 3382 2232 primi,
3442 2151 3630 2216 obiit.

3293 2264 3581 2349 c.lxxxj.

1133 2382 1429 2450 mclxx.
1524 2380 1597 2445 A
1671 2380 2108 2447 coronacione
2185 2377 2457 2444 Henrici
2534 2378 2822 2456 iuniori5‚
2891 2392 3122 2445 contra
3198 2380 3668 2449 inhibicionem

954 2506 1164 2574 sancti
1210 2506 1473 2572 ‘rhome
1520 2502 1822 2569 martiris.
1952 2501 2212 2566 Eodem
2258 2521 2431 2565 anno
2477 2498 2684 2585 Angli
2731 2512 3050 2566 venerunt
3099 2502 3162 2566 in
3213 2502 3622 2571 Hiberniam.

3272 2625 3577 2710 clxxx-ij.

1134 2746 1552 2830 mclx-xxiij.
1642 2744 1762 2810 Ab
1823 2745 2011 2810 obitu
2082 2743 2378 2808 eiusdem
2448 2742 2721 2808 Henrici
2783 2743 3070 2818 iunioris,
3131 2745 3248 2830 qui
3295 2746 3666 2814 ‘Hernicus

954 2869 1224 2937 tercius'
1270 2869 1666 2934 nominatur.
3320 2869 3573 2951 clxiiij.

1131 2989 1549 3056 mcdxxxix.
1643 2987 1760 3052 Ab
1801 2987 1989 3051 obitu
2037 2987 2208 3069 regis
2247 2985 2520 3051 Henrici
2566 2985 2856 3060 secundi,
2891 3004 3043 3050 cum
3077 3003 3408 3070 regnasset
3447 3011 3660 3054 xxxv.

950 3112 1156 3190 annis,
1202 3111 1289 3195 iij.
1325 3111 1676 3176 mensibus.
1770 3108 2032 3173 Eodem
2077 3127 2254 3173 anno
2297 3119 2650 3173 coronatur
2693 3127 2814 3171 rex
2862 3105 3188 3173 Ricardus
3223 3111 3405 3194 apud
3439 3109 3662 3178 west·

954 3235 1447 3302 monasterium.
3345 3231 3568 3316 c.lviij.

1123 3353 1450 3436 M.c.xciij.
1539 3351 1611 3419 A
1655 3353 1966 3438 capcione
2012 3351 2307 3416 eiusdem
2356 3351 2529 3437 regis
2577 3348 2889 3415 Richardi
2935 3371 3056 3434 per
3099 3352 3336 3418 ducem
3381 3353 3656 3420 Austrie

952 3481 1019 3544 in
1065 3476 1489 3544 Alemannia.
3360 3473 3564 3558 c-liiij.

1124 3597 1447 3664 κακόν.
1534 3593 1605 3659 A
1639 3595 1924 3661 secunda
1973 3593 2408 3660 coronacione
2453 3593 2768 3668 eiusdem,
2812 3611 2965 3659 cum
3025 3607 3198 3659 essct
3243 3615 3283 3659 a
3350 3599 3652 3663 custodia

944 3721 1201 3788 solutus
1244 3733 1311 3785 et
1360 3719 1424 3783 in
1455 3715 1775 3802 Angliam
1809 3736 2124 3796 reversus,
2154 3715 2329 3781 datis
2363 3714 2740 3799 imperatori
2783 3714 3130 3780 obsidibus
3165 3729 3230 3781 et
3273 3735 3329 3782 c.
3364 3717 3652 3786 millibus

948 3861 1339 3911 marcarum.
3377 3838 3560 3922 chij.

1122 3962 1449 4028 mcxcix.
1536 3960 1655 4026 Ab
1713 3961 1901 4027 obitu
1967 3959 2266 4026 eiusdem
2317 3957 2653 4034 Richardi.
2697 3978 2849 4026 cum
2902 3971 3236 4042 regnasset
3284 3958 3374 4023 ix.
3419 3963 3648 4036 annisg

2062 4163 2080 4197 ¹
2121 4165 2408 4236 Stephani.
2451 4165 2511 4220 B.
