4154 4895
1270 255 1384 309 LE
1426 256 1719 310 BAKER
1762 255 1886 309 DE
1926 255 2554 312 SWYNEBROKE.
3160 264 3244 333 99

529 452 767 519 dorum
790 447 813 491 ¹
888 464 955 520 et
1034 453 1403 520 Turcorum
1485 475 1716 538 repens
1794 453 2175 539 pestilencia
2246 453 2587 538 generalis,
2663 453 2955 518 medium
3038 452 3245 520 nostri
3282 454 3595 507 A·¹²·184⁸·

528 574 908 640 habitabilis
944 573 1252 653 inficiens»,
1284 574 1665 653 Saracenos,
1702 575 1966 640 Turkos
1984 575 2030 653 ²,
2062 574 2349 640 Siriacos
2368 574 2412 652 ⁸,
2446 574 2828 652 Palestinos,
2865 584 2932 639 et
2973 574 3244 641 demum
3338 545 3539 565 ..-

529 693 777 761 Grecos
829 695 1257 780 depopulavit
1317 705 1506 760 tanta
1563 706 1800 780 strage,
1852 698 2033 780 quod
2094 705 2343 760 terrore
2400 694 2724 779 compulsi
2786 693 2983 759 fidem
3045 705 3247 779 atque

526 826 937 881 sacramenta
970 814 1215 880 Christi
1246 817 1530 900 recipere
1560 815 1842 881 consulti
1879 816 2352 893 diiudicabant,
2383 816 2723 880 audientes
2751 817 2933 899 quod
2967 815 3245 881 Christi·

526 956 690 1000 anos
747 936 840 1001 cis
894 956 1073 1001 mare
1127 935 1409 1002 Grecum
1472 957 1648 1001 mors
1707 957 1839 1001 non
1892 936 2123 1002 terruit
2176 937 2464 1002 crebrius
2522 946 2638 1000 aut
2698 936 2911 1020 magis
2977 947 3244 1021 repente

528 1068 860 1122 consueto.
941 1058 1243 1122 Tandem
1290 1060 1376 1123 ad
1410 1068 1629 1143 partes
1669 1058 2107 1141 transalpinas
2137 1067 2203 1121 et
2236 1058 2475 1122 abhinc
2506 1058 2594 1122 ad
2629 1056 2880 1122 Gallias
2910 1057 3244 1142 hesperias

527 1187 594 1242 et
639 1177 1051 1243 Teutonicas*
1154 1200 1235 1243 va
1279 1179 1498 1244 clades
1543 1179 1905 1244 successive
1950 1178 2282 1256 devoluta,
2313 1199 2485 1243 anno
2530 1177 2815 1261 septimo
2861 1199 2978 1242 sue
3024 1179 3243 1243 incoa-

526 1299 734 1365 cionis
771 1301 857 1364 ad
898 1298 1146 1383 Anglia
1257 1301 1539 1364 devenit.
1634 1300 1855 1365 Primo
1895 1301 2165 1383 quidem
2199 1309 2431 1384 portus
2474 1299 2673 1363 maris
2715 1299 2779 1362 in
2822 1299 3131 1364 Dorsetia
3176 1308 3244 1364 et

527 1441 748 1484 rursus
810 1420 1094 1504 patriam
1152 1420 1287 1484 suis
1352 1420 1581 1485 incolis
1642 1420 1773 1485 fere
1838 1420 2120 1505 privavit
2140 1417 2188 1497 ⁴,
2252 1430 2320 1485 et
2382 1420 2621 1485 abhinc
2684 1419 3054 1484 Devoniam
3121 1418 3245 1485 ac⁶

529 1540 1000 1605 Somersetiam
1049 1561 1255 1624 usque
1301 1540 1705 1606 Bristolliam
1754 1542 1848 1607 ita
1891 1541 2162 1618 desevit,
2207 1542 2388 1624 quod
2440 1539 2940 1605 Glovernienses
2989 1541 3115 1604 illis
3160 1542 3246 1606 de

531 1661 861 1727 Bristollia
905 1663 991 1727 ad
1033 1683 1186 1726 suas
1231 1672 1451 1745 partes
1496 1663 1901 1746 denegarunt
1945 1682 2264 1739 accessus,
2296 1661 2595 1745 quolibet
2642 1672 2919 1746 putante
2964 1661 3247 1726 anelitus

525 1782 891 1848 vivencium
925 1784 1092 1847 inter
1120 1783 1213 1848 sic
1247 1783 1597 1848 morientes
1630 1782 1827 1846 fuisse
1859 1783 2198 1848 infectivos
2218 1782 2262 1844 ⁶.
2356 1780 2473 1847 Set
2504 1783 2773 1846 tandem
2802 1780 3247 1859 Gloverniam,

529 1904 735 1969 immo
809 1903 1147 1969 Oxoniam
1223 1915 1424 1987 atque
1497 1904 1900 1981 LondoniaS,
1959 1914 2027 1970 et
2099 1902 2381 1968 finaliter
2445 1912 2660 1967 totam
2723 1902 3042 1986 Angliam
3102 1914 3243 1969 tam

526 2024 843 2089 violenter
888 2025 1142 2100 invasit,
1172 2025 1353 2107 quod
1383 2026 1500 2088 vix
1546 2025 1841 2090 decimus
1887 2025 2226 2107 utriusque
2269 2044 2470 2088 sexus
2514 2023 2942 2108 superfuerat.
3036 2022 3245 2088 Cimi-

527 2147 706 2212 teriis
742 2166 871 2210 non
912 2146 1400 2224 sufficientibuS,
1432 2147 1650 2229 campi
1696 2146 2108 2229 eligebantur
2144 2155 2556 2210 mortuorum
2602 2145 2956 2229 sepulture.
3049 2144 3245 2230 Epis·

526 2289 733 2352 copus
806 2267 1289 2332 Londoniensis
1368 2268 1529 2331 emit
1605 2266 1785 2331 illam
1853 2266 2133 2331 croftam
2207 2265 2790 2331 ‘Nomanneslond
2813 2263 2872 2305 ’⁷
2937 2277 3241 2332 vocatam

527 2388 895 2456 Londoniis
913 2385 957 2466 ⁸,
986 2398 1053 2453 et
1084 2387 1391 2453 dominus
1421 2385 1753 2453 Walterus
1785 2386 1909 2453 de⁹
1945 2387 2193 2471 Magne
2233 2387 2413 2453 illam
2455 2408 2585 2471 que
2614 2398 2887 2454 vocatur
2919 2392 2934 2419 ‘
2953 2389 3034 2476 pe
3064 2408 3246 2453 newe

527 2510 827 2575 chierche
884 2506 1105 2586 hawe,’
1129 2506 1181 2546 ¹⁰
1242 2509 1354 2573 ubi
1423 2509 1721 2574 fundavit
1778 2510 2056 2574 domum
2123 2508 2577 2592 religiosorum
2645 2509 2730 2573 ad
2794 2508 3243 2593 sepeliendum

529 2631 897 2696 morientes.
989 2630 1239 2695 Placita
1286 2630 1351 2693 in
1402 2631 1630 2694 bancis
1650 2627 1700 2667 ¹¹
1756 2630 1937 2713 regio
1989 2640 2056 2694 et
2102 2630 2436 2695 communi
2482 2630 2846 2695 necessario
2891 2651 3242 2695 cessavere.

531 2751 728 2816 Pauci
761 2771 1060 2836 proceres
1098 2750 1560 2828 moriebantur,
1591 2751 1676 2814 de
1707 2751 1948 2833 quibus
1977 2759 2162 2815 erant
2200 2750 2508 2815 dominus
2543 2750 2869 2815 Iohannes
2898 2751 2983 2815 de
3016 2750 3242 2816 Mont-

527 2869 898 2957 gomurri¹²,
943 2873 1323 2955 capitaneus
1378 2869 1714 2949 Calesie¹⁸,
1759 2881 1826 2935 et
1878 2867 2254 2936 dominus¹⁴
2294 2872 2379 2936 de
2441 2870 2822 2950 Clisteles¹⁵‚
2869 2872 2933 2935 in
2983 2871 3243 2937 Calesia

530 2994 770 3060 mortui
844 3004 911 3058 et
984 2994 1165 3078 apud
1227 2993 1457 3057 fratres
1518 2993 1711 3057 beate
1773 2992 1985 3057 Marie
2043 2994 2129 3057 de
2192 2990 2500 3057 Carmelo
2554 2992 2920 3057 Londoniis
2978 2993 3240 3077 sepulti.

528 3114 763 3199 ngus
801 3116 1231 3191 innumerum,
1267 3124 1332 3178 et
1374 3114 1828 3197 religiosorum
1875 3123 2077 3196 atque
2123 3114 2401 3178 aliorum
2448 3113 2831 3179 clericorum
2881 3114 3239 3180 multitudo

527 3236 651 3302 soli
677 3236 825 3300 Deo
855 3244 1031 3311 nota,
1057 3234 1438 3318 migravere.
1517 3234 1792 3299 Iuvenes
1821 3244 1888 3300 et
1922 3234 2123 3299 fortes
2154 3234 2497 3318 potissime
2529 3234 2641 3299 illa
2671 3234 2891 3300 clades
2924 3235 3196 3300 involvit
3221 3262 3237 3315 ;

527 3356 764 3422 vetulis
822 3366 888 3420 et
935 3354 1262 3449 languidis
1306 3356 1744 3421 communiter
1789 3356 2100 3440 pepercit.
2191 3355 2333 3421 Vix
2379 3355 2616 3439 aliquis
2662 3355 2994 3420 infirmum
3039 3378 3238 3422 ausus

529 3489 629 3545 est
666 3477 1062 3559 contingere,
1093 3476 1321 3541 relicta
1358 3487 1768 3542 mortuorum
1811 3478 2151 3561 quondam
2190 3487 2258 3541 et
2287 3475 2532 3543 nunc¹⁶
2565 3477 2861 3561 preciosa
2891 3487 3235 3560 tamquam

528 3599 836 3665 infectiva
907 3597 1046 3661 sani
1067 3594 1115 3634 ¹⁷
1180 3596 1537 3681 fugiebant.
1634 3597 1791 3663 Uno
1849 3599 1957 3662 die
2017 3597 2312 3663 letissimi
2335 3595 2405 3676 ¹⁸,
2471 3598 2537 3663 in
2598 3598 2881 3664 crastino
2946 3598 3238 3666 defuncti
3341 3625 3523 3678 2127,

671 3767 688 3800 ¹
727 3766 1037 3822 Yndorum.
1078 3768 1141 3823 C.
1567 3765 1590 3799 ²
1625 3770 1857 3825 Turcos.
1898 3770 1962 3826 C.
2386 3765 2409 3800 ⁸
2445 3767 2688 3826 Siracos.
2727 3771 2793 3825 B.

670 3854 692 3886 ⁴
710 3856 843 3928 sere
854 3851 1044 3926 priv]
1067 3855 1410 3927 transposed.
1449 3858 1514 3911 Β.
1939 3855 1962 3888 ⁸
1998 3868 2111 3913 aut.
2150 3859 2215 3913 B.
2641 3856 2663 3889 ⁸
2698 3856 3041 3915 infeccionis.
3081 3860 3147 3916 C.

670 3940 693 3975 ¹
730 3943 1250 4002 Nomanneslonde.
1289 3946 1353 4002 C.
1530 3942 1553 3976 ⁸
1587 3961 1694 4000 om.
1734 3948 1801 4001 Β.
1964 3943 1987 3977 ⁹
2022 3963 2134 4002 om.
2171 3947 2237 4003 C.
2402 3943 2448 3979 ¹⁰
2485 3948 2549 4022 pe
2574 3947 3060 4004 Newcherchawe.
3099 3949 3167 4004 C.

670 4037 707 4068 ¹¹
746 4030 983 4087 banstis.
1022 4031 1087 4087 C.
1878 4030 1921 4066 ²¹
1958 4034 2382 4105 Mongomerey.
2422 4035 2487 4091 C.

673 4115 716 4152 ¹⁸
751 4121 875 4191 cap.
901 4115 1105 4189 Cales]
1133 4120 1444 4192 νηὶ-μακά
1459 4122 1612 4194 aster
1630 4121 1902 4179 Clisteles.
1941 4124 2007 4178 Β.
2576 4121 2617 4156 ²·
2656 4122 2905 4179 domina.
2942 4125 3008 4178 Β.

677 4202 719 4240 ²⁸
758 4207 1045 4277 clysteles.
1085 4208 1149 4264 C.
1436 4207 1477 4241 ¹⁸
1515 4219 1662 4267 tunc.
1704 4212 1767 4267 C.
2056 4207 2098 4243 ¹⁷
2134 4227 2287 4268 sane.
2328 4214 2391 4268 C.
2677 4209 2717 4243 ¹⁸
2754 4209 3034 4269 letissime.
3075 4213 3139 4267 C.

1834 4330 1950 4379 02
