4154 4895
602 492 744 545 LI).
762 494 922 545 1820.

604 623 668 674 111
698 641 846 689 usage

602 692 699 741 and
727 691 875 741 death

604 756 665 805 os
685 756 867 805 Robert

608 821 849 872 Baldock.

600 3253 740 3300 ΔΛ).
758 3251 911 3301 1³27.

600 3378 787 3427 Partis·

601 3457 751 3494 meni·

604 3625 911 3688 Drpuiavinn

602 3701 655 3740 to
680 3699 757 3740 the
782 3693 911 3754 king.

660 3869 699 3916 l.
726 3871 845 3917 100.

958 268 1046 335 26
1836 273 2326 330 CHROA'JCON
2381 274 2790 330 GALFRJDJ

960 478 1090 541 ceri
1137 476 1429 561 episcopi
1478 474 1981 541 Heresordensis
2027 475 2150 539 suit
2205 476 2633 560 mancipatus,
2688 476 2800 539 ubi
2852 474 3049 539 nimis
3102 474 3479 541 dolorosam
3526 476 3664 559 egit

957 598 1160 662 vitam
1189 620 1394 682 usque
1425 598 1509 662 ad
1545 598 1927 682 proximum
1960 618 2238 679 sequens
2265 597 2501 662 festum
2529 595 3038 662 Purificacionis.
3113 597 3304 662 Tunc
3327 598 3658 681 siquidem

957 721 1309 803 episcopus
1344 717 1863 791 lleresordensi3‚
1896 719 2112 782 omnis
2145 718 2337 781 huius
2382 717 2537 783 mali
2576 718 2989 795 architector,
3020 718 3172 783 secit
3218 720 3432 803 ipsum
3471 718 3559 782 ad
3591 739 3662 781 se

961 840 1342 905 Londonias
1379 841 1657 917 adduci;
1705 861 1840 923 quo
1876 840 2236 904 deductum
2283 839 2802 911 Londonienses,
2843 860 2976 903 non
3019 839 3160 903 sine
3202 840 3664 905 dissimulante

956 983 1274 1027 consensu
1306 962 1621 1045 episcopi,
1655 972 2004 1044 rapuerunt
2038 972 2103 1024 et
2136 962 2311 1043 apud
2357 961 2661 1041 Neugate
2700 961 3277 1029 incarceraverunt,
3307 975 3654 1045 querentes

955 1084 1367 1148 occasionem
1415 1096 1641 1147 contra
1690 1083 1926 1165 ipsum,
1973 1093 2316 1163 tamquam
2363 1083 2792 1165 proditorem,
2841 1094 2910 1146 ut
2959 1094 3227 1165 possent
3274 1083 3662 1146 distractum

955 1224 1479 1287 suspensumque
1506 1204 1779 1267 mortuis
1804 1202 2268 1279 adnumerare3
2303 1214 2400 1266 set
2436 1204 2722 1277 tandem,
2746 1216 2892 1286 post
2927 1202 3168 1267 multas
3204 1202 3660 1285 inquisicioncs

958 1321 1018 1384 in
1062 1324 1204 1403 ipso
1243 1342 1372 1385 non
1412 1319 1815 1383 invenientes
1839 1297 2182 1382 ’maculam
2225 1319 2622 1402 prodicionis
2660 1340 2776 1383 nec
2823 1316 2989 1383 alius
3032 1319 3288 1391 selonie,
3333 1320 3424 1383 ita
3473 1319 3658 1382 inhu-

954 1442 1239 1507 maniter
1286 1443 1497 1525 ipsum
1547 1452 2006 1513 tractaverunt,
2054 1441 2234 1523 quod
2282 1440 2516 1504 eodem
2559 1461 2732 1504 anno
2771 1441 2905 1505 cito
2949 1452 3097 1523 post
3147 1441 3348 1505 Pasca
3387 1442 3550 1505 obiit
3599 1441 3662 1505 in

953 1565 1321 1630 tormentis.
1410 1563 1607 1627 Tanti
1656 1561 1933 1637 sceleris,
1983 1561 2230 1626 scilicet
2282 1560 2504 1644 rapine
2551 1574 2618 1626 et
2682 1561 3114 1642 iugulacionis
3174 1560 3390 1627 clerici
3451 1576 3658 1645 atque

952 1686 1314 1749 sacerdotis
1350 1685 1494 1757 Dei,
1526 1704 1658 1748 non
1702 1683 2228 1767 improbabiliter
2259 1683 2497 1765 aliquis
2542 1681 2841 1765 putabit¹
2890 1696 3190 1747 autorem
3237 1684 3658 1747 manifestum

952 1803 1059 1871 vel
1116 1805 1446 1870 occultum
1494 1805 1606 1888 qui
1652 1807 1739 1869 de
1786 1805 2007 1868 medio
2055 1803 2362 1887 luporum
2413 1804 2590 1868 misit
2655 1804 2716 1866 in
2779 1803 2951 1867 ovile
2997 1824 3186 1867 suum
3234 1804 3660 1873 tutissimum.

955 1948 1277 1991 carcerem
1312 1925 1612 1990 videlicet
1646 1924 2110 2008 episcopalem,
2159 1946 2279 2007 pro
2310 1946 2433 1989 ove
2461 1925 2585 1987 sibi
2617 1937 2681 1988 et
2719 1924 2886 2007 lupis
2918 1926 3165 1988 tradito
3199 1924 3424 1999 tutele,
3455 1946 3660 2007 quam

954 2047 1281 2132 pretendit
1307 2046 1348 2121 ²,
1378 2048 1554 2128 quod
1603 2047 1689 2110 ab
1740 2045 2132 2109 lleresordia
2181 2047 2393 2129 ipsum
2445 2045 2822 2108 Londonias
2869 2045 3106 2110 fecerat
3152 2047 3422 2117 traduci,
3454 2068 3493 2109 a
3535 2068 3657 2109 suo

952 2168 1196 2233 scilicet
1245 2169 1631 2251 episcopatu
1682 2168 1745 2230 in
1792 2167 2104 2231 diocesim
2150 2166 2452 2239 alienam,
2501 2188 2540 2230 a
2587 2165 2733 2230 loco
2782 2166 3220 2229 munitissimo
3268 2166 3330 2230 in
3397 2180 3662 2230 montes

954 2290 1311 2372 pardorum
1340 2290 1383 2353 ³.
1472 2288 1650 2369 Quid
1700 2288 1962 2369 insuper
2004 2286 2330 2367 significat
2379 2288 2557 2370 quod
2607 2286 2819 2351 clerici
2883 2287 3008 2349 sibi
3069 2287 3292 2351 traditi
3359 2287 3660 2369 rapinam

953 2418 1152 2488 atque
1184 2404 1541 2469 sacerdotis
1576 2401 2050 2484 iugulacionem
2089 2403 2229 2487 ipse
2262 2402 2759 2487 potentissimus
2793 2403 3082 2487 prelatus
3108 2403 3456 2487 provincie.
3479 2403 3660 2468 salva

951 2529 1275 2608 dignitate
1305 2526 1923 2608 archiepiscopatus,
1957 2526 2185 2589 debita
2224 2525 2572 2606 diligencia
2621 2546 2748 2589 non
2788 2526 3032 2590 curavit
3080 2526 3356 2609 punire?
3437 2525 3658 2589 Credo

953 2649 1133 2729 quod
1168 2649 1230 2711 in
1256 2648 1373 2712 tali
1400 2668 1551 2712 casu
1576 2669 1803 2712 verum
1830 2661 1927 2709 cst
1958 2647 2115 2710 illud
2141 2647 2572 2729 Quintiliani:
2608 2653 2622 2682 ⁴
2649 2648 3100 2729 Torquentem
3128 2648 3326 2711 vincit
3354 2649 3652 2730 quisquis

952 2767 1395 2844 occiditur'⁴;
1443 2781 1509 2834 et
1561 2770 1711 2833 ideo
1757 2769 1881 2832 sub
1936 2769 2212 2832 silencio
2271 2769 2472 2852 pallio
2519 2769 2854 2852 querelam
2920 2763 3138 2854 [tego]
3169 2769 3211 2842 ⁵,
3257 2791 3456 2852 quam
3503 2789 3656 2834 cum

953 2889 1225 2954 ecclesia
1286 2892 1411 2953 sub
1456 2891 1667 2954 altare
1715 2891 1841 2954 Dei
1890 2890 2109 2954 audivi
2159 2913 2274 2973 per
2337 2912 2530 2952 voces
2575 2891 2936 2954 occisorum
2987 2891 3424 2953 innocentum.

1130 3011 1495 3094 Descriptis
1530 3025 1591 3075 ct
1640 3011 1789 3076 aliis
1832 3033 1960 3074 non
2007 3013 2232 3095 paucis
2273 3033 2387 3094 per
2435 3013 2747 3092 reginam,
2785 3012 3166 3094 episcopum
3221 3010 3658 3074 lleresordcn-

954 3154 1111 3200 sem,
1151 3145 1215 3197 et
1268 3133 1605 3214 Rogerum
1639 3135 1722 3196 de
1764 3133 2030 3196 Mortuo
2071 3133 2253 3206 mari,
2299 3147 2366 3195 ut
2406 3133 2672 3196 cuilibet
2721 3133 2978 3195 illorum
3027 3132 3290 3214 placuit,
3325 3134 3656 3202 consectis.

954 3253 1073 3336 ipsi
1114 3253 1491 3318 Londonias
1524 3277 1595 3317 se
1628 3255 1867 3336 pariter
1898 3254 2389 3318 transtulerunt.
2493 3251 2649 3322 Ubi,
2698 3254 2832 3316 cito
2881 3267 3028 3336 post
3083 3251 3546 3336 Epiphaniam,
3593 3255 3656 3316 in

955 3374 1392 3458 parliamento
1438 3397 1554 3458 per
1601 3375 1794 3458 ipsos,
1828 3377 2067 3457 quibus·
2117 3374 2332 3437 nullus
2373 3395 2571 3436 ausus
2617 3385 2714 3435 est
2766 3375 3087 3448 resistcre,
3118 3389 3498 3442 convocato,
3535 3374 3654 3438 suit

953 3497 1328 3560 ordinatum
1377 3509 1439 3559 et
1490 3497 1920 3559 constitutum
1984 3496 2166 3577 quod
2231 3516 2316 3556 ex
2381 3509 2570 3576 parte
2629 3495 2842 3557 tocius
2905 3494 3086 3574 regni
3151 3507 3283 3558 tres
3341 3496 3657 3578 episcopi,

954 3613 1087 3672 duo
1148 3614 1441 3682 comites,
1488 3613 1623 3672 duo
1687 3613 1983 3680 abbates,
2032 3625 2314 3692 quatuor
2361 3611 2659 3682 barones,
2709 3625 2770 3672 et
2836 3611 2918 3672 de
2979 3610 3272 3690 quolibet
3337 3613 3656 3674 comitatu

958 3732 1205 3814 Anglie
1232 3735 1363 3795 duo
1391 3732 1651 3804 milites)
1682 3735 1835 3796 item
1870 3734 1953 3795 dc
1985 3733 2276 3814 Qualibet
2313 3733 2576 3795 civitate
2602 3733 2702 3795 et⁴²
2729 3731 2880 3794 villa
2914 3733 3254 3814 capitanea
3289 3733 3656 3796 cuiusilibet

954 3857 1328 3928 comitatus,
1366 3866 1428 3916 et
1478 3853 1776 3916 similiter
1822 3856 1903 3916 de
1946 3855 2287 3936 portubus,
2320 3855 2452 3915 duo
2485 3855 2838 3934 burgenses
2875 3853 3283 3916 mitterentur
3313 3855 3398 3916 ad
3436 3875 3656 3934 regem

950 3977 1127 4058 apud
1160 3974 1623 4038 Kenclwortlie
1645 3977 2069 4048 custoditum,
2097 3975 2328 4038 facturi
2356 3975 2784 4058 infrascripta.
2854 3973 3183 4037 lohannes
3207 3975 3290 4036 de
3318 3973 3656 4040 Stratsord

1024 4143 1039 4178 ⁸
1080 4147 1376 4214 putabitur.
1420 4147 1479 4197 Η.
1658 4143 1679 4174 ¹
1718 4145 2011 4214 portendit.
2058 4148 2117 4197 13.
2333 4143 2354 4172 ¹
2395 4147 2558 4198 Cant.
2586 4147 2654 4198 iv.
2684 4145 2732 4196 8.
2951 4145 2970 4174 ⁴
3015 4145 3265 4198 Declam.
3291 4145 3436 4196 niu.
3469 4158 3544 4208 14.

1282 4231 1299 4260 ⁸
1338 4235 1501 4285 Smne
1536 4251 1591 4282 m
1628 4233 1657 4282 h
1692 4235 1853 4284 trum!
1872 4237 1917 4282 εἰ
1952 4243 2210 4302 :wanting
2237 4243 2290 4284 lc*
2318 4237 2574 4304 complet(
2602 4235 2690 4285 the
2723 4251 2880 4284 unse.
3099 4233 3116 4260 ⁹
3161 4251 3228 4286 m.
3275 4233 3334 4284 B.
