<?xml version="1.0" encoding="UTF-8"?>
<!DOCTYPE html PUBLIC "-//W3C//DTD XHTML 1.0 Transitional//EN"
    "http://www.w3.org/TR/xhtml1/DTD/xhtml1-transitional.dtd">
<html xmlns="http://www.w3.org/1999/xhtml" xml:lang="en" lang="en">
 <head>
  <title>
</title>
<meta http-equiv="Content-Type" content="text/html;charset=utf-8" />
  <meta name='ocr-system' content='tesseract 3.04.00' />
  <meta name='ocr-capabilities' content='ocr_page ocr_carea ocr_par ocr_line ocrx_word'/>
</head>
<body>
  <div class='ocr_page' id='page_1' title='image "./chronicongalfri01thomgoog_0186.png"; bbox 0 0 4154 4895; ppageno 0'>
   <div class='ocr_carea' id='block_1_1' title="bbox 584 376 902 428">
    <p class='ocr_par' dir='ltr' id='par_1_1' title="bbox 584 376 902 428">
     <span class='ocr_line' id='line_1_1' title="bbox 584 376 902 428; baseline 0 -2"><span class='ocrx_word' id='word_1_1' title='bbox 584 376 726 428; x_wconf 70' lang='lat' dir='ltr'>AJ).</span> <span class='ocrx_word' id='word_1_2' title='bbox 738 376 902 427; x_wconf 70' lang='lat'><strong>1⁸60.</strong></span> 
     </span>
    </p>
   </div>
   <div class='ocr_carea' id='block_1_2' title="bbox 655 1459 839 1525">
    <p class='ocr_par' dir='ltr' id='par_1_2' title="bbox 655 1459 839 1525">
     <span class='ocr_line' id='line_1_2' title="bbox 655 1459 839 1525; baseline -0.016 -16"><span class='ocrx_word' id='word_1_3' title='bbox 655 1459 695 1509; x_wconf 76' lang='lat' dir='ltr'>r.</span> <span class='ocrx_word' id='word_1_4' title='bbox 712 1459 839 1525; x_wconf 65' lang='grc' dir='ltr'>με.</span> 
     </span>
    </p>
   </div>
   <div class='ocr_carea' id='block_1_3' title="bbox 600 3063 788 3115">
    <p class='ocr_par' dir='ltr' id='par_1_3' title="bbox 600 3063 788 3115">
     <span class='ocr_line' id='line_1_3' title="bbox 600 3063 788 3115; baseline 0 0"><span class='ocrx_word' id='word_1_5' title='bbox 600 3063 788 3115; x_wconf 65' lang='lat' dir='ltr'>uno(</span> 
     </span>
    </p>
   </div>
   <div class='ocr_carea' id='block_1_4' title="bbox 946 164 2767 235">
    <p class='ocr_par' dir='ltr' id='par_1_4' title="bbox 946 164 2767 235">
     <span class='ocr_line' id='line_1_4' title="bbox 946 164 2767 235; baseline 0.001 -14"><span class='ocrx_word' id='word_1_6' title='bbox 946 172 1066 235; x_wconf 77' lang='lat'>¹54</span> <span class='ocrx_word' id='word_1_7' title='bbox 1823 164 2318 223; x_wconf 62' lang='lat' dir='ltr'>cmeomcox</span> <span class='ocrx_word' id='word_1_8' title='bbox 2357 166 2466 222; x_wconf 75' lang='lat' dir='ltr'>GA</span> <span class='ocrx_word' id='word_1_9' title='bbox 2476 166 2767 223; x_wconf 58' lang='grc' dir='ltr'>ωηο]</span> 
     </span>
    </p>
   </div>
   <div class='ocr_carea' id='block_1_5' title="bbox 929 362 3660 4090">
    <p class='ocr_par' dir='ltr' id='par_1_5' title="bbox 929 362 3660 3001">
     <span class='ocr_line' id='line_1_5' title="bbox 930 362 3656 449; baseline 0.002 -21"><span class='ocrx_word' id='word_1_10' title='bbox 930 363 1233 449; x_wconf 87' lang='lat' dir='ltr'>princeps</span> <span class='ocrx_word' id='word_1_11' title='bbox 1274 363 1364 429; x_wconf 88' lang='lat' dir='ltr'>ab</span> <span class='ocrx_word' id='word_1_12' title='bbox 1408 382 1488 428; x_wconf 91' lang='lat' dir='ltr'>ea</span> <span class='ocrx_word' id='word_1_13' title='bbox 1532 362 1709 439; x_wconf 87' lang='lat' dir='ltr'>sede,</span> <span class='ocrx_word' id='word_1_14' title='bbox 1753 384 1886 446; x_wconf 87' lang='lat' dir='ltr'>qua</span> <span class='ocrx_word' id='word_1_15' title='bbox 1930 378 2284 430; x_wconf 83' lang='lat' dir='ltr'>cenaturus</span> <span class='ocrx_word' id='word_1_16' title='bbox 2329 362 2518 431; x_wconf 87' lang='lat' dir='ltr'>iuxta</span> <span class='ocrx_word' id='word_1_17' title='bbox 2561 378 2956 434; x_wconf 85' lang='lat' dir='ltr'>coronatum</span> <span class='ocrx_word' id='word_1_18' title='bbox 3010 367 3368 441; x_wconf 80' lang='lat' dir='ltr'>residebat,</span> <span class='ocrx_word' id='word_1_19' title='bbox 3415 368 3656 433; x_wconf 85' lang='lat' dir='ltr'>lauda-</span> 
     </span>
     <span class='ocr_line' id='line_1_6' title="bbox 930 484 3656 571; baseline 0.001 -20"><span class='ocrx_word' id='word_1_20' title='bbox 930 485 1247 551; x_wconf 82' lang='lat' dir='ltr'>bilissima</span> <span class='ocrx_word' id='word_1_21' title='bbox 1299 484 1547 568; x_wconf 86' lang='lat' dir='ltr'>pietate</span> <span class='ocrx_word' id='word_1_22' title='bbox 1592 484 1967 561; x_wconf 81' lang='lat' dir='ltr'>resurrexit,</span> <span class='ocrx_word' id='word_1_23' title='bbox 2010 494 2080 551; x_wconf 92' lang='lat' dir='ltr'>et</span> <span class='ocrx_word' id='word_1_24' title='bbox 2122 486 2255 551; x_wconf 80' lang='lat' dir='ltr'>fere</span> <span class='ocrx_word' id='word_1_25' title='bbox 2299 485 2649 553; x_wconf 88' lang='lat' dir='ltr'>lacrimans</span> <span class='ocrx_word' id='word_1_26' title='bbox 2687 488 3126 554; x_wconf 87' lang='lat' dir='ltr'>osculabatur</span> <span class='ocrx_word' id='word_1_27' title='bbox 3173 488 3412 571; x_wconf 79' lang='lat' dir='ltr'>frigida</span> <span class='ocrx_word' id='word_1_28' title='bbox 3463 490 3656 553; x_wconf 87' lang='lat' dir='ltr'>labra</span> 
     </span>
     <span class='ocr_line' id='line_1_7' title="bbox 929 605 3658 692; baseline 0.001 -21"><span class='ocrx_word' id='word_1_29' title='bbox 929 625 1158 672; x_wconf 86' lang='lat' dir='ltr'>cruore</span> <span class='ocrx_word' id='word_1_30' title='bbox 1216 606 1520 690; x_wconf 83' lang='lat' dir='ltr'>squalida</span> <span class='ocrx_word' id='word_1_31' title='bbox 1576 605 1691 669; x_wconf 86' lang='lat' dir='ltr'>vix</span> <span class='ocrx_word' id='word_1_32' title='bbox 1748 605 2062 689; x_wconf 81' lang='lat' dir='ltr'>spirantis</span> <span class='ocrx_word' id='word_1_33' title='bbox 2118 607 2221 671; x_wconf 79' lang='lat' dir='ltr'>sui</span> <span class='ocrx_word' id='word_1_34' title='bbox 2274 608 2614 687; x_wconf 78' lang='lat' dir='ltr'>carissimi,</span> <span class='ocrx_word' id='word_1_35' title='bbox 2676 609 3093 692; x_wconf 86' lang='lat' dir='ltr'>demumque</span> <span class='ocrx_word' id='word_1_36' title='bbox 3158 611 3408 674; x_wconf 90' lang='lat' dir='ltr'>nudum</span> <span class='ocrx_word' id='word_1_37' title='bbox 3475 611 3658 676; x_wconf 81' lang='lat' dir='ltr'>lecto</span> 
     </span>
     <span class='ocr_line' id='line_1_8' title="bbox 934 726 3658 811; baseline 0.001 -18"><span class='ocrx_word' id='word_1_38' title='bbox 934 727 1220 794; x_wconf 89' lang='lat' dir='ltr'>delicato</span> <span class='ocrx_word' id='word_1_39' title='bbox 1264 727 1648 793; x_wconf 89' lang='lat' dir='ltr'>reclinatum</span> <span class='ocrx_word' id='word_1_40' title='bbox 1708 726 2173 811; x_wconf 82' lang='lat' dir='ltr'>paulisperque</span> <span class='ocrx_word' id='word_1_41' title='bbox 2233 748 2351 793; x_wconf 87' lang='lat' dir='ltr'>sue</span> <span class='ocrx_word' id='word_1_42' title='bbox 2398 729 2719 795; x_wconf 85' lang='lat' dir='ltr'>memorie</span> <span class='ocrx_word' id='word_1_43' title='bbox 2782 741 3166 796; x_wconf 82' lang='lat' dir='ltr'>revocatum</span> <span class='ocrx_word' id='word_1_44' title='bbox 3227 730 3658 801; x_wconf 76' lang='lat' dir='ltr'>confortavit.</span> 
     </span>
     <span class='ocr_line' id='line_1_9' title="bbox 935 847 3656 934; baseline 0 -19"><span class='ocrx_word' id='word_1_45' title='bbox 935 869 1237 915; x_wconf 83' lang='lat' dir='ltr'>asserens</span> <span class='ocrx_word' id='word_1_46' title='bbox 1280 847 1393 932; x_wconf 91' lang='lat' dir='ltr'>pio</span> <span class='ocrx_word' id='word_1_47' title='bbox 1450 849 1817 912; x_wconf 83' lang='lat' dir='ltr'>iuramento</span> <span class='ocrx_word' id='word_1_48' title='bbox 1863 848 2047 930; x_wconf 90' lang='lat' dir='ltr'>quod</span> <span class='ocrx_word' id='word_1_49' title='bbox 2106 847 2338 913; x_wconf 87' lang='lat' dir='ltr'>habuit</span> <span class='ocrx_word' id='word_1_50' title='bbox 2391 849 2694 915; x_wconf 86' lang='lat' dir='ltr'>deditum</span> <span class='ocrx_word' id='word_1_51' title='bbox 2755 864 3192 929; x_wconf 78' lang='lat' dir='ltr'>coronatum3</span> <span class='ocrx_word' id='word_1_52' title='bbox 3257 871 3502 934; x_wconf 83' lang='lat' dir='ltr'>nempe</span> <span class='ocrx_word' id='word_1_53' title='bbox 3563 853 3656 915; x_wconf 91' lang='lat' dir='ltr'>de</span> 
     </span>
     <span class='ocr_line' id='line_1_10' title="bbox 939 967 3653 1057; baseline -0 -22"><span class='ocrx_word' id='word_1_54' title='bbox 939 971 1124 1035; x_wconf 83' lang='lat' dir='ltr'>novis</span> <span class='ocrx_word' id='word_1_55' title='bbox 1154 970 1326 1035; x_wconf 90' lang='lat' dir='ltr'>ultra</span> <span class='ocrx_word' id='word_1_56' title='bbox 1359 969 1629 1032; x_wconf 90' lang='lat' dir='ltr'>modum</span> <span class='ocrx_word' id='word_1_57' title='bbox 1661 967 2052 1033; x_wconf 88' lang='lat' dir='ltr'>desideratis</span> <span class='ocrx_word' id='word_1_58' title='bbox 2083 969 2240 1032; x_wconf 90' lang='lat' dir='ltr'>nulli</span> <span class='ocrx_word' id='word_1_59' title='bbox 2272 970 2549 1035; x_wconf 85' lang='lat' dir='ltr'>credidit</span> <span class='ocrx_word' id='word_1_60' title='bbox 2583 970 2934 1054; x_wconf 84' lang='lat' dir='ltr'>languidus</span> <span class='ocrx_word' id='word_1_61' title='bbox 2965 970 3180 1049; x_wconf 88' lang='lat' dir='ltr'>heros,</span> <span class='ocrx_word' id='word_1_62' title='bbox 3211 972 3332 1035; x_wconf 81' lang='lat' dir='ltr'>nisi</span> <span class='ocrx_word' id='word_1_63' title='bbox 3368 972 3653 1057; x_wconf 87' lang='lat' dir='ltr'>principi</span> 
     </span>
     <span class='ocr_line' id='line_1_11' title="bbox 937 1087 3654 1177; baseline 0 -19"><span class='ocrx_word' id='word_1_64' title='bbox 937 1091 1280 1167; x_wconf 79' lang='lat' dir='ltr'>reserenti3</span> <span class='ocrx_word' id='word_1_65' title='bbox 1342 1090 1584 1174; x_wconf 87' lang='lat' dir='ltr'>quibus</span> <span class='ocrx_word' id='word_1_66' title='bbox 1626 1088 1912 1165; x_wconf 83' lang='lat' dir='ltr'>creditis,</span> <span class='ocrx_word' id='word_1_67' title='bbox 1966 1087 2263 1153; x_wconf 87' lang='lat' dir='ltr'>revixit¹.</span> <span class='ocrx_word' id='word_1_68' title='bbox 2354 1090 2544 1156; x_wconf 88' lang='lat' dir='ltr'>Tunc</span> <span class='ocrx_word' id='word_1_69' title='bbox 2597 1112 2892 1156; x_wconf 86' lang='lat' dir='ltr'>reversus</span> <span class='ocrx_word' id='word_1_70' title='bbox 2953 1092 3261 1177; x_wconf 67' lang='lat' dir='ltr'>princeps</span> <span class='ocrx_word' id='word_1_71' title='bbox 3306 1106 3654 1160; x_wconf 83' lang='lat' dir='ltr'>coronato.</span> 
     </span>
     <span class='ocr_line' id='line_1_12' title="bbox 937 1210 3654 1296; baseline -0.001 -18"><span class='ocrx_word' id='word_1_72' title='bbox 937 1210 1260 1296; x_wconf 60' lang='lat' dir='ltr'>suggessit</span> <span class='ocrx_word' id='word_1_73' title='bbox 1287 1211 1347 1275; x_wconf 93' lang='lat' dir='ltr'>ei</span> <span class='ocrx_word' id='word_1_74' title='bbox 1369 1231 1452 1276; x_wconf 92' lang='lat' dir='ltr'>ne</span> <span class='ocrx_word' id='word_1_75' title='bbox 1483 1221 1751 1293; x_wconf 86' lang='lat' dir='ltr'>putaret</span> <span class='ocrx_word' id='word_1_76' title='bbox 1771 1229 1941 1293; x_wconf 88' lang='lat' dir='ltr'>opus</span> <span class='ocrx_word' id='word_1_77' title='bbox 1971 1210 2317 1292; x_wconf 85' lang='lat' dir='ltr'>indignum</span> <span class='ocrx_word' id='word_1_78' title='bbox 2349 1230 2420 1274; x_wconf 87' lang='lat' dir='ltr'>se</span> <span class='ocrx_word' id='word_1_79' title='bbox 2446 1210 2694 1287; x_wconf 83' lang='lat' dir='ltr'>secisse,</span> <span class='ocrx_word' id='word_1_80' title='bbox 2718 1213 2881 1276; x_wconf 93' lang='lat' dir='ltr'>dum</span> <span class='ocrx_word' id='word_1_81' title='bbox 2903 1214 3193 1277; x_wconf 87' lang='lat' dir='ltr'>surrexit</span> <span class='ocrx_word' id='word_1_82' title='bbox 3225 1234 3262 1278; x_wconf 91' lang='lat' dir='ltr'>a</span> <span class='ocrx_word' id='word_1_83' title='bbox 3294 1233 3458 1279; x_wconf 83' lang='lat' dir='ltr'>cena</span> <span class='ocrx_word' id='word_1_84' title='bbox 3486 1233 3654 1279; x_wconf 87' lang='lat' dir='ltr'>con·</span> 
     </span>
     <span class='ocr_line' id='line_1_13' title="bbox 941 1330 3660 1418; baseline 0 -21"><span class='ocrx_word' id='word_1_85' title='bbox 941 1333 1299 1398; x_wconf 80' lang='lat' dir='ltr'>sortaturus</span> <span class='ocrx_word' id='word_1_86' title='bbox 1330 1331 1513 1395; x_wconf 88' lang='lat' dir='ltr'>illum</span> <span class='ocrx_word' id='word_1_87' title='bbox 1549 1330 1683 1396; x_wconf 87' lang='lat' dir='ltr'>sere</span> <span class='ocrx_word' id='word_1_88' title='bbox 1727 1330 2137 1406; x_wconf 86' lang='lat' dir='ltr'>morientem,</span> <span class='ocrx_word' id='word_1_89' title='bbox 2166 1330 2279 1413; x_wconf 86' lang='lat' dir='ltr'>qui</span> <span class='ocrx_word' id='word_1_90' title='bbox 2312 1350 2527 1414; x_wconf 80' lang='lat' dir='ltr'>neque</span> <span class='ocrx_word' id='word_1_91' title='bbox 2558 1332 2862 1415; x_wconf 85' lang='lat' dir='ltr'>sanguini</span> <span class='ocrx_word' id='word_1_92' title='bbox 2901 1353 3117 1415; x_wconf 87' lang='lat' dir='ltr'>neque</span> <span class='ocrx_word' id='word_1_93' title='bbox 3149 1334 3343 1398; x_wconf 84' lang='lat' dir='ltr'>saluti</span> <span class='ocrx_word' id='word_1_94' title='bbox 3374 1334 3660 1418; x_wconf 74' lang='lat' dir='ltr'>propriis</span> 
     </span>
     <span class='ocr_line' id='line_1_14' title="bbox 944 1450 3658 1539; baseline 0.001 -23"><span class='ocrx_word' id='word_1_95' title='bbox 944 1454 1257 1538; x_wconf 89' lang='lat' dir='ltr'>pepercit,</span> <span class='ocrx_word' id='word_1_96' title='bbox 1287 1453 1446 1535; x_wconf 86' lang='lat' dir='ltr'>quin</span> <span class='ocrx_word' id='word_1_97' title='bbox 1479 1451 1791 1536; x_wconf 84' lang='lat' dir='ltr'>exposuit</span> <span class='ocrx_word' id='word_1_98' title='bbox 1819 1471 1899 1516; x_wconf 62' lang='lat' dir='ltr'>m</span> <span class='ocrx_word' id='word_1_99' title='bbox 1932 1450 2225 1534; x_wconf 89' lang='lat' dir='ltr'>periculo</span> <span class='ocrx_word' id='word_1_100' title='bbox 2257 1452 2674 1534; x_wconf 86' lang='lat' dir='ltr'>perdicionis,</span> <span class='ocrx_word' id='word_1_101' title='bbox 2707 1472 2788 1518; x_wconf 90' lang='lat' dir='ltr'>ne</span> <span class='ocrx_word' id='word_1_102' title='bbox 2827 1453 3204 1539; x_wconf 79' lang='lat' dir='ltr'>principalis</span> <span class='ocrx_word' id='word_1_103' title='bbox 3249 1454 3460 1519; x_wconf 82' lang='lat' dir='ltr'>honor</span> <span class='ocrx_word' id='word_1_104' title='bbox 3493 1455 3658 1518; x_wconf 87' lang='lat' dir='ltr'>liba·</span> 
     </span>
     <span class='ocr_line' id='line_1_15' title="bbox 946 1571 3658 1656; baseline 0.001 -17"><span class='ocrx_word' id='word_1_105' title='bbox 946 1585 1124 1642; x_wconf 90' lang='lat' dir='ltr'>retur</span> <span class='ocrx_word' id='word_1_106' title='bbox 1138 1574 1183 1636; x_wconf 83' lang='lat'>².</span> <span class='ocrx_word' id='word_1_107' title='bbox 1260 1574 1440 1651; x_wconf 87' lang='lat' dir='ltr'>Post,</span> <span class='ocrx_word' id='word_1_108' title='bbox 1462 1574 1691 1638; x_wconf 87' lang='lat' dir='ltr'>audita</span> <span class='ocrx_word' id='word_1_109' title='bbox 1720 1571 2167 1656; x_wconf 78' lang='lat' dir='ltr'>descripcione</span> <span class='ocrx_word' id='word_1_110' title='bbox 2205 1584 2363 1655; x_wconf 83' lang='lat' dir='ltr'>toge</span> <span class='ocrx_word' id='word_1_111' title='bbox 2397 1574 2694 1638; x_wconf 83' lang='lat' dir='ltr'>militaris</span> <span class='ocrx_word' id='word_1_112' title='bbox 2731 1573 3061 1652; x_wconf 89' lang='lat' dir='ltr'>Iacobine,</span> <span class='ocrx_word' id='word_1_113' title='bbox 3092 1575 3269 1640; x_wconf 81' lang='lat' dir='ltr'>dixit</span> <span class='ocrx_word' id='word_1_114' title='bbox 3299 1588 3658 1642; x_wconf 73' lang='lat' dir='ltr'>coronatus</span> 
     </span>
     <span class='ocr_line' id='line_1_16' title="bbox 944 1690 3656 1781; baseline 0 -21"><span class='ocrx_word' id='word_1_115' title='bbox 944 1696 1123 1781; x_wconf 91' lang='lat' dir='ltr'>quod</span> <span class='ocrx_word' id='word_1_116' title='bbox 1150 1696 1315 1762; x_wconf 86' lang='lat' dir='ltr'>inter</span> <span class='ocrx_word' id='word_1_117' title='bbox 1331 1705 1586 1761; x_wconf 88' lang='lat' dir='ltr'>ceteros</span> <span class='ocrx_word' id='word_1_118' title='bbox 1603 1692 1861 1759; x_wconf 85' lang='lat' dir='ltr'>sortiter</span> <span class='ocrx_word' id='word_1_119' title='bbox 1881 1701 2158 1777; x_wconf 79' lang='lat' dir='ltr'>agentes</span> <span class='ocrx_word' id='word_1_120' title='bbox 2183 1690 2377 1758; x_wconf 87' lang='lat' dir='ltr'>valde</span> <span class='ocrx_word' id='word_1_121' title='bbox 2409 1694 2772 1758; x_wconf 89' lang='lat' dir='ltr'>mirabatur</span> <span class='ocrx_word' id='word_1_122' title='bbox 2802 1695 2974 1759; x_wconf 87' lang='lat' dir='ltr'>illius</span> <span class='ocrx_word' id='word_1_123' title='bbox 3006 1696 3230 1760; x_wconf 84' lang='lat' dir='ltr'>militis</span> <span class='ocrx_word' id='word_1_124' title='bbox 3254 1695 3456 1762; x_wconf 80' lang='lat' dir='ltr'>forcia</span> <span class='ocrx_word' id='word_1_125' title='bbox 3481 1697 3656 1761; x_wconf 77' lang='lat' dir='ltr'>sacta</span> 
     </span>
     <span class='ocr_line' id='line_1_17' title="bbox 944 1811 3656 1898; baseline 0 -15"><span class='ocrx_word' id='word_1_126' title='bbox 944 1816 1319 1883; x_wconf 88' lang='lat' dir='ltr'>terribiliter</span> <span class='ocrx_word' id='word_1_127' title='bbox 1358 1827 1423 1881; x_wconf 86' lang='lat' dir='ltr'>et</span> <span class='ocrx_word' id='word_1_128' title='bbox 1471 1816 1581 1880; x_wconf 88' lang='lat' dir='ltr'>diu</span> <span class='ocrx_word' id='word_1_129' title='bbox 1618 1815 2020 1880; x_wconf 87' lang='lat' dir='ltr'>continuata.</span> <span class='ocrx_word' id='word_1_130' title='bbox 2114 1811 2259 1878; x_wconf 88' lang='lat' dir='ltr'>Nec</span> <span class='ocrx_word' id='word_1_131' title='bbox 2316 1813 2563 1878; x_wconf 87' lang='lat' dir='ltr'>multa³</span> <span class='ocrx_word' id='word_1_132' title='bbox 2595 1815 2784 1898; x_wconf 90' lang='lat' dir='ltr'>plura</span> <span class='ocrx_word' id='word_1_133' title='bbox 2816 1815 3027 1881; x_wconf 85' lang='lat' dir='ltr'>suerat</span> <span class='ocrx_word' id='word_1_134' title='bbox 3070 1836 3150 1882; x_wconf 85' lang='lat' dir='ltr'>ea</span> <span class='ocrx_word' id='word_1_135' title='bbox 3181 1836 3342 1883; x_wconf 85' lang='lat' dir='ltr'>cena</span> <span class='ocrx_word' id='word_1_136' title='bbox 3377 1817 3656 1889; x_wconf 72' lang='lat' dir='ltr'>locutus.</span> 
     </span>
     <span class='ocr_line' id='line_1_18' title="bbox 946 1942 3656 2031; baseline -0.001 -19"><span class='ocrx_word' id='word_1_137' title='bbox 946 1948 1067 2013; x_wconf 81' lang='lat' dir='ltr'>nisi</span> <span class='ocrx_word' id='word_1_138' title='bbox 1119 1947 1302 2031; x_wconf 91' lang='lat' dir='ltr'>quod</span> <span class='ocrx_word' id='word_1_139' title='bbox 1359 1944 1652 2028; x_wconf 88' lang='lat' dir='ltr'>principi,</span> <span class='ocrx_word' id='word_1_140' title='bbox 1697 1943 1918 2008; x_wconf 84' lang='lat' dir='ltr'>nativa</span> <span class='ocrx_word' id='word_1_141' title='bbox 1973 1942 2227 2026; x_wconf 85' lang='lat' dir='ltr'>pietate</span> <span class='ocrx_word' id='word_1_142' title='bbox 2273 1944 2570 2009; x_wconf 90' lang='lat' dir='ltr'>nobilem</span> <span class='ocrx_word' id='word_1_143' title='bbox 2619 1944 2897 2028; x_wconf 84' lang='lat' dir='ltr'>predam</span> <span class='ocrx_word' id='word_1_144' title='bbox 2945 1944 3372 2019; x_wconf 80' lang='lat' dir='ltr'>confortanti,</span> <span class='ocrx_word' id='word_1_145' title='bbox 3417 1945 3656 2009; x_wconf 75' lang='lat' dir='ltr'>similia</span> 
     </span>
     <span class='ocr_line' id='line_1_19' title="bbox 943 2063 3656 2149; baseline -0.001 -17"><span class='ocrx_word' id='word_1_146' title='bbox 943 2068 1189 2133; x_wconf 89' lang='lat' dir='ltr'>talibus</span> <span class='ocrx_word' id='word_1_147' title='bbox 1218 2067 1419 2132; x_wconf 86' lang='lat' dir='ltr'>verba</span> <span class='ocrx_word' id='word_1_148' title='bbox 1452 2064 1790 2149; x_wconf 89' lang='lat' dir='ltr'>rependit:</span> <span class='ocrx_word' id='word_1_149' title='bbox 1839 2068 1853 2095; x_wconf 91' lang='lat'>‘</span> <span class='ocrx_word' id='word_1_150' title='bbox 1880 2063 2344 2128; x_wconf 82' lang='lat' dir='ltr'>Inevitabilem</span> <span class='ocrx_word' id='word_1_151' title='bbox 2380 2064 2532 2130; x_wconf 90' lang='lat' dir='ltr'>licet</span> <span class='ocrx_word' id='word_1_152' title='bbox 2578 2065 2900 2142; x_wconf 91' lang='lat' dir='ltr'>dolorem,</span> <span class='ocrx_word' id='word_1_153' title='bbox 2942 2078 3165 2131; x_wconf 87' lang='lat' dir='ltr'>tamen</span> <span class='ocrx_word' id='word_1_154' title='bbox 3203 2078 3274 2131; x_wconf 86' lang='lat' dir='ltr'>ut</span> <span class='ocrx_word' id='word_1_155' title='bbox 3305 2066 3498 2131; x_wconf 80' lang='lat' dir='ltr'>decet</span> <span class='ocrx_word' id='word_1_156' title='bbox 3531 2068 3656 2129; x_wconf 80' lang='lat' dir='ltr'>sub</span> 
     </span>
     <span class='ocr_line' id='line_1_20' title="bbox 947 2185 3656 2269; baseline -0.001 -15"><span class='ocrx_word' id='word_1_157' title='bbox 947 2208 1251 2254; x_wconf 81' lang='lat' dir='ltr'>mensura</span> <span class='ocrx_word' id='word_1_158' title='bbox 1281 2188 1555 2269; x_wconf 82' lang='lat' dir='ltr'>dignum</span> <span class='ocrx_word' id='word_1_159' title='bbox 1588 2186 1905 2250; x_wconf 82' lang='lat' dir='ltr'>duximus</span> <span class='ocrx_word' id='word_1_160' title='bbox 1945 2185 2246 2262; x_wconf 82' lang='lat' dir='ltr'>coibere3</span> <span class='ocrx_word' id='word_1_161' title='bbox 2291 2185 2597 2268; x_wconf 84' lang='lat' dir='ltr'>quamvis</span> <span class='ocrx_word' id='word_1_162' title='bbox 2633 2185 2810 2250; x_wconf 88' lang='lat' dir='ltr'>enim</span> <span class='ocrx_word' id='word_1_163' title='bbox 2853 2200 3084 2251; x_wconf 88' lang='lat' dir='ltr'>nostro</span> <span class='ocrx_word' id='word_1_164' title='bbox 3125 2207 3454 2269; x_wconf 78' lang='lat' dir='ltr'>generoso</span> <span class='ocrx_word' id='word_1_165' title='bbox 3498 2208 3656 2253; x_wconf 87' lang='lat' dir='ltr'>con·</span> 
     </span>
     <span class='ocr_line' id='line_1_21' title="bbox 946 2305 3656 2393; baseline -0.001 -18"><span class='ocrx_word' id='word_1_166' title='bbox 946 2309 1308 2393; x_wconf 82' lang='lat' dir='ltr'>sanguineo</span> <span class='ocrx_word' id='word_1_167' title='bbox 1338 2307 1731 2373; x_wconf 85' lang='lat' dir='ltr'>subiciamur</span> <span class='ocrx_word' id='word_1_168' title='bbox 1761 2306 1898 2371; x_wconf 90' lang='lat' dir='ltr'>iure</span> <span class='ocrx_word' id='word_1_169' title='bbox 1927 2305 2104 2383; x_wconf 89' lang='lat' dir='ltr'>belli,</span> <span class='ocrx_word' id='word_1_170' title='bbox 2136 2325 2266 2369; x_wconf 91' lang='lat' dir='ltr'>non</span> <span class='ocrx_word' id='word_1_171' title='bbox 2298 2316 2523 2369; x_wconf 84' lang='lat' dir='ltr'>tamen</span> <span class='ocrx_word' id='word_1_172' title='bbox 2560 2306 2764 2371; x_wconf 84' lang='lat' dir='ltr'>instar</span> <span class='ocrx_word' id='word_1_173' title='bbox 2781 2308 3250 2372; x_wconf 87' lang='lat' dir='ltr'>sceleratorum</span> <span class='ocrx_word' id='word_1_174' title='bbox 3285 2328 3399 2373; x_wconf 81' lang='lat' dir='ltr'>seu</span> <span class='ocrx_word' id='word_1_175' title='bbox 3432 2329 3656 2373; x_wconf 77' lang='lat' dir='ltr'>vecor-</span> 
     </span>
     <span class='ocr_line' id='line_1_22' title="bbox 947 2425 3658 2514; baseline -0 -19"><span class='ocrx_word' id='word_1_176' title='bbox 947 2432 1130 2496; x_wconf 90' lang='lat' dir='ltr'>dium</span> <span class='ocrx_word' id='word_1_177' title='bbox 1163 2428 1585 2514; x_wconf 77' lang='lat' dir='ltr'>fugitivorum</span> <span class='ocrx_word' id='word_1_178' title='bbox 1621 2428 1747 2493; x_wconf 83' lang='lat' dir='ltr'>sub</span> <span class='ocrx_word' id='word_1_179' title='bbox 1794 2427 2073 2493; x_wconf 89' lang='lat' dir='ltr'>latibulo</span> <span class='ocrx_word' id='word_1_180' title='bbox 2119 2425 2364 2493; x_wconf 80' lang='lat' dir='ltr'>suimus</span> <span class='ocrx_word' id='word_1_181' title='bbox 2408 2428 2608 2512; x_wconf 86' lang='lat' dir='ltr'>capti,</span> <span class='ocrx_word' id='word_1_182' title='bbox 2653 2437 2773 2504; x_wconf 86' lang='lat' dir='ltr'>set,</span> <span class='ocrx_word' id='word_1_183' title='bbox 2823 2449 3007 2495; x_wconf 90' lang='lat' dir='ltr'>more</span> <span class='ocrx_word' id='word_1_184' title='bbox 3055 2429 3338 2494; x_wconf 87' lang='lat' dir='ltr'>militum</span> <span class='ocrx_word' id='word_1_185' title='bbox 3387 2451 3658 2512; x_wconf 77' lang='lat' dir='ltr'>magna·</span> 
     </span>
     <span class='ocr_line' id='line_1_23' title="bbox 950 2549 3656 2635; baseline -0.001 -19"><span class='ocrx_word' id='word_1_186' title='bbox 950 2554 1275 2618; x_wconf 89' lang='lat' dir='ltr'>nimorum</span> <span class='ocrx_word' id='word_1_187' title='bbox 1340 2572 1460 2635; x_wconf 93' lang='lat' dir='ltr'>pro</span> <span class='ocrx_word' id='word_1_188' title='bbox 1512 2551 1662 2614; x_wconf 84' lang='lat' dir='ltr'>iusti</span> <span class='ocrx_word' id='word_1_189' title='bbox 1715 2570 1914 2616; x_wconf 78' lang='lat' dir='ltr'>causa</span> <span class='ocrx_word' id='word_1_190' title='bbox 1969 2550 2186 2613; x_wconf 86' lang='lat' dir='ltr'>vivere</span> <span class='ocrx_word' id='word_1_191' title='bbox 2254 2549 2552 2631; x_wconf 86' lang='lat' dir='ltr'>morique</span> <span class='ocrx_word' id='word_1_192' title='bbox 2615 2560 3020 2631; x_wconf 88' lang='lat' dir='ltr'>paratorum,</span> <span class='ocrx_word' id='word_1_193' title='bbox 3083 2549 3323 2615; x_wconf 79' lang='lat' dir='ltr'>Martia</span> <span class='ocrx_word' id='word_1_194' title='bbox 3381 2552 3656 2614; x_wconf 81' lang='lat' dir='ltr'>arbitrio</span> 
     </span>
     <span class='ocr_line' id='line_1_24' title="bbox 948 2668 3656 2755; baseline -0.001 -17"><span class='ocrx_word' id='word_1_195' title='bbox 948 2693 1176 2738; x_wconf 80' lang='lat' dir='ltr'>sumus</span> <span class='ocrx_word' id='word_1_196' title='bbox 1204 2671 1501 2739; x_wconf 81' lang='lat' dir='ltr'>translati</span> <span class='ocrx_word' id='word_1_197' title='bbox 1533 2673 1618 2737; x_wconf 92' lang='lat' dir='ltr'>de</span> <span class='ocrx_word' id='word_1_198' title='bbox 1646 2692 1885 2755; x_wconf 89' lang='lat' dir='ltr'>campo</span> <span class='ocrx_word' id='word_1_199' title='bbox 1917 2681 2163 2742; x_wconf 86' lang='lat' dir='ltr'>nostro,</span> <span class='ocrx_word' id='word_1_200' title='bbox 2195 2690 2333 2752; x_wconf 90' lang='lat' dir='ltr'>quo</span> <span class='ocrx_word' id='word_1_201' title='bbox 2364 2668 2627 2735; x_wconf 84' lang='lat' dir='ltr'>suerunt</span> <span class='ocrx_word' id='word_1_202' title='bbox 2659 2671 2901 2734; x_wconf 83' lang='lat' dir='ltr'>divites</span> <span class='ocrx_word' id='word_1_203' title='bbox 2931 2671 3128 2754; x_wconf 85' lang='lat' dir='ltr'>capti,</span> <span class='ocrx_word' id='word_1_204' title='bbox 3161 2672 3384 2755; x_wconf 86' lang='lat' dir='ltr'>precio</span> <span class='ocrx_word' id='word_1_205' title='bbox 3425 2673 3656 2736; x_wconf 73' lang='lat' dir='ltr'>salutis</span> 
     </span>
     <span class='ocr_line' id='line_1_25' title="bbox 948 2790 3656 2875; baseline -0.001 -16"><span class='ocrx_word' id='word_1_206' title='bbox 948 2795 1276 2870; x_wconf 86' lang='lat' dir='ltr'>reservati,</span> <span class='ocrx_word' id='word_1_207' title='bbox 1315 2794 1756 2875; x_wconf 78' lang='lat' dir='ltr'>vecordesque</span> <span class='ocrx_word' id='word_1_208' title='bbox 1803 2792 2059 2875; x_wconf 87' lang='lat' dir='ltr'>reprobi</span> <span class='ocrx_word' id='word_1_209' title='bbox 2107 2790 2455 2875; x_wconf 79' lang='lat' dir='ltr'>profugati,</span> <span class='ocrx_word' id='word_1_210' title='bbox 2493 2802 2594 2855; x_wconf 87' lang='lat' dir='ltr'>set</span> <span class='ocrx_word' id='word_1_211' title='bbox 2641 2791 3074 2856; x_wconf 83' lang='lat' dir='ltr'>valentissimi</span> <span class='ocrx_word' id='word_1_212' title='bbox 3122 2792 3258 2857; x_wconf 80' lang='lat' dir='ltr'>vita</span> <span class='ocrx_word' id='word_1_213' title='bbox 3309 2793 3656 2874; x_wconf 78' lang='lat' dir='ltr'>magnifica</span> 
     </span>
     <span class='ocr_line' id='line_1_26' title="bbox 949 2903 1299 3001; baseline -0.006 -20"><span class='ocrx_word' id='word_1_214' title='bbox 949 2903 1299 3001; x_wconf 47' lang='lat' dir='ltr'>spoliati&amp;</span> 
     </span>
    </p>

    <p class='ocr_par' dir='ltr' id='par_1_6' title="bbox 948 3031 3658 4090">
     <span class='ocr_line' id='line_1_27' title="bbox 1125 3031 3654 3118; baseline -0.002 -18"><span class='ocrx_word' id='word_1_215' title='bbox 1125 3036 1436 3101; x_wconf 87' lang='lat' dir='ltr'>Proxima</span> <span class='ocrx_word' id='word_1_216' title='bbox 1465 3035 1569 3099; x_wconf 92' lang='lat' dir='ltr'>die</span> <span class='ocrx_word' id='word_1_217' title='bbox 1600 3043 1752 3118; x_wconf 89' lang='lat' dir='ltr'>post</span> <span class='ocrx_word' id='word_1_218' title='bbox 1783 3034 2085 3117; x_wconf 87' lang='lat' dir='ltr'>prelium,</span> <span class='ocrx_word' id='word_1_219' title='bbox 2120 3031 2574 3098; x_wconf 89' lang='lat' dir='ltr'>connumerati</span> <span class='ocrx_word' id='word_1_220' title='bbox 2618 3041 2775 3098; x_wconf 79' lang='lat' dir='ltr'>sunt</span> <span class='ocrx_word' id='word_1_221' title='bbox 2804 3033 3050 3117; x_wconf 85' lang='lat' dir='ltr'>captivi</span> <span class='ocrx_word' id='word_1_222' title='bbox 3077 3054 3090 3090; x_wconf 91' lang='lat'>:</span> <span class='ocrx_word' id='word_1_223' title='bbox 3137 3046 3512 3106; x_wconf 76' lang='lat' dir='ltr'>coronatus,</span> <span class='ocrx_word' id='word_1_224' title='bbox 3541 3033 3654 3116; x_wconf 82' lang='lat' dir='ltr'>qui</span> 
     </span>
     <span class='ocr_line' id='line_1_28' title="bbox 948 3152 3656 3237; baseline -0.003 -14"><span class='ocrx_word' id='word_1_225' title='bbox 948 3167 1223 3224; x_wconf 70' lang='lat' dir='ltr'>vomtur</span> <span class='ocrx_word' id='word_1_226' title='bbox 1250 3180 1290 3223; x_wconf 89' lang='lat' dir='ltr'>a</span> <span class='ocrx_word' id='word_1_227' title='bbox 1320 3157 1455 3222; x_wconf 83' lang='lat' dir='ltr'>suis</span> <span class='ocrx_word' id='word_1_228' title='bbox 1481 3177 1599 3222; x_wconf 86' lang='lat' dir='ltr'>rex</span> <span class='ocrx_word' id='word_1_229' title='bbox 1628 3155 2028 3222; x_wconf 82' lang='lat' dir='ltr'>Francorum</span> <span class='ocrx_word' id='word_1_230' title='bbox 2056 3179 2073 3231; x_wconf 80' lang='lat'>3</span> <span class='ocrx_word' id='word_1_231' title='bbox 2122 3155 2302 3230; x_wconf 91' lang='lat' dir='ltr'>item,</span> <span class='ocrx_word' id='word_1_232' title='bbox 2333 3154 2640 3217; x_wconf 86' lang='lat' dir='ltr'>dominus</span> <span class='ocrx_word' id='word_1_233' title='bbox 2675 3152 3035 3237; x_wconf 79' lang='lat' dir='ltr'>Philippus,</span> <span class='ocrx_word' id='word_1_234' title='bbox 3060 3152 3233 3217; x_wconf 82' lang='lat' dir='ltr'>filius</span> <span class='ocrx_word' id='word_1_235' title='bbox 3263 3155 3444 3228; x_wconf 75' lang='lat' dir='ltr'>eius3</span> <span class='ocrx_word' id='word_1_236' title='bbox 3477 3154 3656 3224; x_wconf 86' lang='lat' dir='ltr'>item,</span> 
     </span>
     <span class='ocr_line' id='line_1_29' title="bbox 948 3272 3656 3364; baseline -0.002 -19"><span class='ocrx_word' id='word_1_237' title='bbox 948 3279 1478 3364; x_wconf 78' lang='lat' dir='ltr'>archiepiscopus</span> <span class='ocrx_word' id='word_1_238' title='bbox 1511 3277 1925 3352; x_wconf 80' lang='lat' dir='ltr'>Senonensis,</span> <span class='ocrx_word' id='word_1_239' title='bbox 1964 3296 2188 3342; x_wconf 84' lang='lat' dir='ltr'>comes</span> <span class='ocrx_word' id='word_1_240' title='bbox 2223 3274 2537 3350; x_wconf 85' lang='lat' dir='ltr'>Pontivie,</span> <span class='ocrx_word' id='word_1_241' title='bbox 2569 3295 2795 3339; x_wconf 88' lang='lat' dir='ltr'>comes</span> <span class='ocrx_word' id='word_1_242' title='bbox 2831 3272 2961 3350; x_wconf 89' lang='lat' dir='ltr'>Du,</span> <span class='ocrx_word' id='word_1_243' title='bbox 2991 3294 3217 3339; x_wconf 74' lang='lat' dir='ltr'>cornea</span> <span class='ocrx_word' id='word_1_244' title='bbox 3259 3275 3346 3339; x_wconf 92' lang='lat' dir='ltr'>de</span> <span class='ocrx_word' id='word_1_245' title='bbox 3395 3273 3656 3358; x_wconf 74' lang='lat' dir='ltr'>nge-</span> 
     </span>
     <span class='ocr_line' id='line_1_30' title="bbox 950 3394 3658 3478; baseline -0.003 -12"><span class='ocrx_word' id='word_1_246' title='bbox 950 3401 1122 3478; x_wconf 85' lang='lat' dir='ltr'>ville,</span> <span class='ocrx_word' id='word_1_247' title='bbox 1162 3421 1388 3468; x_wconf 88' lang='lat' dir='ltr'>comes</span> <span class='ocrx_word' id='word_1_248' title='bbox 1434 3401 1519 3465; x_wconf 92' lang='lat' dir='ltr'>de</span> <span class='ocrx_word' id='word_1_249' title='bbox 1572 3398 2001 3472; x_wconf 82' lang='lat' dir='ltr'>Tankelville,</span> <span class='ocrx_word' id='word_1_250' title='bbox 2061 3417 2287 3464; x_wconf 79' lang='lat' dir='ltr'>comes</span> <span class='ocrx_word' id='word_1_251' title='bbox 2353 3395 2743 3470; x_wconf 87' lang='lat' dir='ltr'>Daunterre,</span> <span class='ocrx_word' id='word_1_252' title='bbox 2802 3414 3031 3460; x_wconf 72' lang='lat' dir='ltr'>come·</span> <span class='ocrx_word' id='word_1_253' title='bbox 3082 3396 3169 3460; x_wconf 92' lang='lat' dir='ltr'>de</span> <span class='ocrx_word' id='word_1_254' title='bbox 3217 3394 3658 3472; x_wconf 64' lang='lat' dir='ltr'>Vendadorr,</span> 
     </span>
     <span class='ocr_line' id='line_1_31' title="bbox 948 3514 3656 3594; baseline -0.003 -7"><span class='ocrx_word' id='word_1_255' title='bbox 948 3543 1173 3587; x_wconf 84' lang='lat' dir='ltr'>comes</span> <span class='ocrx_word' id='word_1_256' title='bbox 1203 3523 1288 3585; x_wconf 85' lang='lat' dir='ltr'>dc</span> <span class='ocrx_word' id='word_1_257' title='bbox 1323 3521 1704 3594; x_wconf 87' lang='lat' dir='ltr'>Sauncerre,</span> <span class='ocrx_word' id='word_1_258' title='bbox 1744 3540 1967 3586; x_wconf 81' lang='lat' dir='ltr'>comes</span> <span class='ocrx_word' id='word_1_259' title='bbox 2006 3521 2093 3584; x_wconf 96' lang='lat' dir='ltr'>de</span> <span class='ocrx_word' id='word_1_260' title='bbox 2124 3516 2550 3586; x_wconf 85' lang='lat' dir='ltr'>Wademont,</span> <span class='ocrx_word' id='word_1_261' title='bbox 2583 3536 2808 3581; x_wconf 72' lang='lat' dir='ltr'>comen</span> <span class='ocrx_word' id='word_1_262' title='bbox 2843 3517 2928 3581; x_wconf 98' lang='lat' dir='ltr'>de</span> <span class='ocrx_word' id='word_1_263' title='bbox 2959 3514 3404 3590; x_wconf 72' lang='lat' dir='ltr'>Vendomme,</span> <span class='ocrx_word' id='word_1_264' title='bbox 3433 3537 3656 3583; x_wconf 67' lang='lat' dir='ltr'>come</span> 
     </span>
     <span class='ocr_line' id='line_1_32' title="bbox 949 3635 3654 3727; baseline -0.002 -19"><span class='ocrx_word' id='word_1_265' title='bbox 949 3644 1034 3708; x_wconf 92' lang='lat' dir='ltr'>de</span> <span class='ocrx_word' id='word_1_266' title='bbox 1064 3643 1310 3727; x_wconf 83' lang='lat' dir='ltr'>Juyny,</span> <span class='ocrx_word' id='word_1_267' title='bbox 1339 3662 1566 3709; x_wconf 85' lang='lat' dir='ltr'>comes</span> <span class='ocrx_word' id='word_1_268' title='bbox 1602 3640 2039 3723; x_wconf 84' lang='lat' dir='ltr'>Donmartyn,</span> <span class='ocrx_word' id='word_1_269' title='bbox 2075 3660 2300 3705; x_wconf 84' lang='lat' dir='ltr'>comes</span> <span class='ocrx_word' id='word_1_270' title='bbox 2322 3640 2408 3704; x_wconf 99' lang='lat' dir='ltr'>de</span> <span class='ocrx_word' id='word_1_271' title='bbox 2440 3636 2818 3712; x_wconf 72' lang='lat' dir='ltr'>Salabruse,</span> <span class='ocrx_word' id='word_1_272' title='bbox 2849 3657 3076 3703; x_wconf 74' lang='lat' dir='ltr'>comes</span> <span class='ocrx_word' id='word_1_273' title='bbox 3112 3638 3198 3701; x_wconf 93' lang='lat' dir='ltr'>de</span> <span class='ocrx_word' id='word_1_274' title='bbox 3230 3635 3454 3710; x_wconf 68' lang='lat' dir='ltr'>Samo,</span> <span class='ocrx_word' id='word_1_275' title='bbox 3483 3638 3654 3702; x_wconf 77' lang='lat' dir='ltr'>vice·</span> 
     </span>
     <span class='ocr_line' id='line_1_33' title="bbox 949 3757 3658 3843; baseline -0.003 -13"><span class='ocrx_word' id='word_1_276' title='bbox 949 3785 1172 3830; x_wconf 87' lang='lat' dir='ltr'>comes</span> <span class='ocrx_word' id='word_1_277' title='bbox 1220 3763 1553 3838; x_wconf 88' lang='lat' dir='ltr'>Nerbone,</span> <span class='ocrx_word' id='word_1_278' title='bbox 1605 3763 1915 3827; x_wconf 79' lang='lat' dir='ltr'>dominus</span> <span class='ocrx_word' id='word_1_279' title='bbox 1972 3761 2305 3843; x_wconf 84' lang='lat' dir='ltr'>Daubyni,</span> <span class='ocrx_word' id='word_1_280' title='bbox 2367 3760 2787 3826; x_wconf 86' lang='lat' dir='ltr'>marescallus</span> <span class='ocrx_word' id='word_1_281' title='bbox 2852 3757 3284 3832; x_wconf 74' lang='lat' dir='ltr'>Dawdenam,</span> <span class='ocrx_word' id='word_1_282' title='bbox 3345 3757 3658 3822; x_wconf 68' lang='lat' dir='ltr'>dominus</span> 
     </span>
     <span class='ocr_line' id='line_1_34' title="bbox 951 3877 3658 3970; baseline -0.003 -19"><span class='ocrx_word' id='word_1_283' title='bbox 951 3885 1353 3970; x_wconf 83' lang='lat' dir='ltr'>Guynchard</span> <span class='ocrx_word' id='word_1_284' title='bbox 1419 3885 1505 3951; x_wconf 91' lang='lat' dir='ltr'>de</span> <span class='ocrx_word' id='word_1_285' title='bbox 1565 3883 1806 3966; x_wconf 82' lang='lat' dir='ltr'>Angle,</span> <span class='ocrx_word' id='word_1_286' title='bbox 1864 3880 2261 3948; x_wconf 70' lang='lat' dir='ltr'>senescallus</span> <span class='ocrx_word' id='word_1_287' title='bbox 2319 3883 2404 3946; x_wconf 92' lang='lat' dir='ltr'>de</span> <span class='ocrx_word' id='word_1_288' title='bbox 2467 3881 2834 3964; x_wconf 82' lang='lat' dir='ltr'>Centonge,</span> <span class='ocrx_word' id='word_1_289' title='bbox 2911 3880 3224 3944; x_wconf 82' lang='lat' dir='ltr'>dominus</span> <span class='ocrx_word' id='word_1_290' title='bbox 3299 3877 3658 3944; x_wconf 75' lang='lat' dir='ltr'>Mauricius</span> 
     </span>
     <span class='ocr_line' id='line_1_35' title="bbox 952 3999 3657 4090; baseline -0.001 -18"><span class='ocrx_word' id='word_1_291' title='bbox 952 4007 1379 4090; x_wconf 67' lang='lat' dir='ltr'>hlawmynet,</span> <span class='ocrx_word' id='word_1_292' title='bbox 1438 4006 1747 4070; x_wconf 79' lang='lat' dir='ltr'>dominus</span> <span class='ocrx_word' id='word_1_293' title='bbox 1812 4005 2216 4088; x_wconf 82' lang='lat' dir='ltr'>Reginaldus</span> <span class='ocrx_word' id='word_1_294' title='bbox 2275 4005 2360 4069; x_wconf 94' lang='lat' dir='ltr'>de</span> <span class='ocrx_word' id='word_1_295' title='bbox 2421 4001 2803 4086; x_wconf 80' lang='lat' dir='ltr'>Guoylhoy,</span> <span class='ocrx_word' id='word_1_296' title='bbox 2878 4001 3276 4066; x_wconf 70' lang='lat' dir='ltr'>senescallus</span> <span class='ocrx_word' id='word_1_297' title='bbox 3345 3999 3657 4070; x_wconf 68' lang='lat' dir='ltr'>pictavie.</span> 
     </span>
    </p>
   </div>
   <div class='ocr_carea' id='block_1_6' title="bbox 1308 4135 3304 4199">
    <p class='ocr_par' dir='ltr' id='par_1_7' title="bbox 1308 4135 3304 4199">
     <span class='ocr_line' id='line_1_36' title="bbox 1308 4135 3304 4199; baseline -0.004 -1"><span class='ocrx_word' id='word_1_298' title='bbox 1308 4141 1323 4174; x_wconf 84' lang='lat'>⁸</span> <span class='ocrx_word' id='word_1_299' title='bbox 1352 4141 1597 4198; x_wconf 75' lang='lat' dir='ltr'>revinxit.</span> <span class='ocrx_word' id='word_1_300' title='bbox 1640 4142 1704 4199; x_wconf 86' lang='lat' dir='ltr'>B.</span> <span class='ocrx_word' id='word_1_301' title='bbox 2103 4142 2122 4172; x_wconf 77' lang='lat'>²</span> <span class='ocrx_word' id='word_1_302' title='bbox 2159 4142 2433 4196; x_wconf 78' lang='lat' dir='ltr'>liberetur.</span> <span class='ocrx_word' id='word_1_303' title='bbox 2463 4141 2524 4194; x_wconf 83' lang='lat' dir='ltr'>B.</span> <span class='ocrx_word' id='word_1_304' title='bbox 2905 4135 2925 4166; x_wconf 84' lang='lat'>⁸</span> <span class='ocrx_word' id='word_1_305' title='bbox 2963 4139 3214 4192; x_wconf 76' lang='lat' dir='ltr'>multum.</span> <span class='ocrx_word' id='word_1_306' title='bbox 3239 4137 3304 4190; x_wconf 78' lang='lat' dir='ltr'>B.</span> 
     </span>
    </p>
   </div>
  </div>
 </body>
</html>
