4154 4895
964 312 1047 379 34
1828 294 2320 355 clmomcox
2382 296 2790 353 GALFRIDJ

618 513 927 567 Luam.
965 498 1088 583 ipsi
1147 506 1588 573 asseruerunt,
1648 496 1737 562 ad
1796 497 2330 582 compassionem
2405 504 2476 562 et
2548 494 2888 561 oraciones
2961 516 3085 580 pro
3159 504 3388 561 sancta
3450 494 3670 561 anima

621 604 871 708 „3:23
969 620 1294 704 migrante
1350 617 1708 703 evigilavit.
1817 616 1930 685 Sic
1991 637 2190 702 quem
2251 618 2540 683 mundus
2603 617 2832 692 odivit,
2897 635 3223 700 suumque
3285 616 3671 700 magistrum

619 722 785 773 δῶ·
972 740 1191 806 lesum
1218 739 1553 806 Christum
1579 740 1759 825 prius
1788 740 1945 805 odio
1974 738 2227 814 habuit,
2246 738 2463 824 primo
2489 747 2942 824 preceptorem
2966 738 3052 803 de
3084 759 3291 823 regno
3317 738 3672 803 ludeorum

969 862 1417 946 reprobatum,
1457 861 1697 926 deinde
1741 860 2133 945 discipulum
2182 880 2386 944 regno
2421 858 2799 943 Anglorum
2849 858 3208 942 spoliatum
3253 859 3494 943 recepit
3543 858 3674 925 oel-

967 983 1192 1048 situdo
1226 982 1408 1066 regni
1438 981 1846 1065 angelorum.
1937 981 2240 1047 Gloriose
2283 992 2488 1065 atque
2524 981 2698 1045 bone
2738 979 2884 1045 finis
2917 979 3227 1045 Edwardi
3271 980 3674 1064 proditorios

620 1112 841 1233 ἓιέίιιιὲὶ
969 1104 1322 1181 ministros,
1364 1103 1611 1169 seilicet
1669 1101 2004 1169 'rhomam
2064 1103 2152 1168 de
2213 1099 2517 1185 Corneye
2576 1111 2643 1166 et
2706 1100 3071 1166 Iohannem
3118 1101 3205 1166 de
3258 1100 3672 1177 Maltravers,

621 1244 702 1294 his
970 1218 1347 1303 persecucio
1415 1217 1699 1284 lsabelle
1756 1227 1825 1284 et
1885 1217 2177 1303 episcopi
2241 1217 2764 1295 HeresordensiS,
2823 1226 2897 1281 ut
2956 1217 3236 1301 proinde
3295 1216 3675 1282 viderentur

622 1312 907 1365 murum
971 1359 1206 1405 manus
1257 1340 1564 1405 innoxias
1621 1349 1688 1404 et
1743 1351 2001 1404 mentes
2046 1337 2373 1413 habuisse,
2421 1336 2784 1422 utlagiavit,
2828 1349 2917 1415 et,
2966 1348 3035 1402 ut
3099 1346 3356 1403 tactum
3409 1350 3533 1411 est.
3585 1338 3674 1402 ad

967 1460 1243 1525 exilium
1285 1461 1528 1545 abegit.
1622 1458 1745 1525 Ille
1779 1462 1865 1526 de
1904 1459 2171 1546 Corney
2203 1459 2568 1525 Mamiliam
2606 1459 2917 1543 fugitivus
2958 1458 3259 1524 clanculo
3307 1468 3458 1544 post
3505 1457 3672 1523 infra

968 1582 1322 1647 triennium
1380 1581 1702 1666 cognitus,
1754 1591 2005 1666 captus,
2057 1591 2125 1646 et
2188 1602 2413 1647 versus
2474 1579 2794 1665 Angliam
2868 1582 3197 1655 reductus,
3245 1600 3484 1665 penam
3553 1601 3677 1665 pro

969 1703 1308 1769 demeritis
1372 1712 1766 1787 recepturus,
1812 1703 1875 1766 in
1923 1702 2088 1767 mari
2151 1701 2359 1768 suerat
2404 1703 2836 1786 decapitatus,
2882 1721 2964 1766 ne
3008 1701 3178 1766 sorte
3224 1712 3566 1785 magnates
3609 1714 3676 1766 et

972 1822 1281 1907 magnos¹
1316 1823 1608 1908 prelatos
1641 1836 1709 1889 et
1738 1823 2165 1907 quamplures
2193 1823 2359 1890 alios
2387 1825 2473 1889 de
2505 1843 2708 1907 regno
2742 1824 2869 1889 sibi
2901 1844 3092 1889 suum
3126 1823 3306 1889 nefas
3344 1823 3678 1889 monuisse

970 1957 1037 2011 et
1084 1945 1150 2010 in
1198 1944 1356 2011 illud
1392 1944 1529 2010 sibi
1575 1963 1915 2009 assensum
1960 1943 2298 2028 prebuisse
2340 1956 2730 2010 accusasset.
2820 1942 3017 2009 Alter
3056 1965 3228 2021 vero,
3263 1944 3678 2019 Maltravers,

972 2067 1267 2151 partibus
1311 2065 1827 2131 Teutonicorum
1873 2084 2075 2148 agens
2123 2064 2561 2149 penitenciam
2608 2065 2726 2130 diu
2774 2064 3080 2131 latitavit.

692 2335 730 2383 r.
756 2335 877 2382 100.
1152 2309 1510 2393 Postquam
1533 2308 1559 2347 ²
1588 2307 1959 2394 gloriosus⁸
1990 2329 2108 2374 rex
2143 2308 2510 2375 Edwardus
2542 2310 2721 2393 regni
2767 2309 3097 2387 diadema,
3127 2319 3201 2374 ut
3244 2308 3678 2394 prescriptum

972 2441 1091 2508 est,
1135 2453 1256 2496 suo
1300 2430 1760 2516 primogenito,
1799 2428 2115 2496 domino⁴
2165 2430 2497 2497 Edwardo
2554 2431 2641 2497 de
2698 2426 3130 2514 Wyndesore,
3177 2430 3616 2514 resignaverat
3633 2426 3681 2504 ⁸.

974 2547 1218 2612 habitis
1248 2549 1333 2613 de
1368 2546 1495 2613 hoc
1530 2547 1725 2613 certis
1762 2548 2152 2624 rumoribus»,
2185 2547 2250 2611 in
2284 2547 2720 2632 parliamento
2765 2545 3131 2614 Londoniis
3161 2549 3341 2630 regni
3380 2567 3680 2632 proceres

974 2681 1041 2733 ct
1076 2667 1307 2753 prelati
1340 2669 1555 2753 ipsum
1592 2668 1994 2734 Edwardum
2038 2668 2345 2734 Edwardi
2381 2669 2889 2753 primogenitum
2904 2669 2948 2746 ⁸,
2980 2670 3356 2753 quindecim
3388 2666 3678 2734 circiter*

975 2809 1299 2854 annorum
1334 2789 1817 2855 adolescentem
1834 2787 1882 2867 ⁸,
1918 2789 2065 2854 Deo
2099 2802 2166 2854 ct
2202 2790 2326 2855 toti
2368 2792 2616 2855 mundo
2650 2791 3044 2874 graciosum,
3077 2791 3141 2854 in
3183 2791 3390 2875 patris
3426 2809 3680 2856 sucees-

978 2909 1234 2976 sorem⁹
1264 2910 1710 2994 promtissime
1738 2911 2164 2988 admiserunt,
2193 2922 2396 2995 atque
2427 2911 2708 2997 prima¹⁰
2732 2913 2840 2977 die
2873 2913 3228 2988 Februarii,
3250 2914 3427 2997 apud
3463 2910 3682 2976 west·

632 3041 852 3090 Coma·-
982 3032 1471 3107 monasterium,
1514 3052 1632 3116 per
1674 3031 2240 3116 archiepiscopum
2296 3031 2858 3111 cantuariensem,
2903 3031 3272 3099 walterum
3331 3033 3588 3098 Renald
3615 3031 3684 3108 ¹¹.

630 3107 847 3222 ffiff‘rd
870 3172 940 3232 iii,
978 3154 1276 3220 coronari
1322 3152 1629 3218 fecerunt.
1719 3154 1938 3219 Tante
1981 3153 2378 3220 solemnitati
2417 3155 2840 3221 interfuerunt
2889 3156 3079 3221 multi
3135 3169 3273 3220 tam
3319 3155 3685 3238 alienigene

640 3253 657 3288 ¹
692 3240 809 3290 Μ’
978 3295 1179 3359 quam
1208 3275 1512 3358 indigene
1534 3272 1585 3312 ¹²
1608 3285 1675 3340 et
1699 3274 2009 3360 precipue
2032 3276 2438 3359 stipendiarii
2458 3274 2515 3316 ¹⁸
2545 3277 2824 3342 Isabelle
2849 3279 3066 3360 regine
3091 3278 3317 3342 matris
3341 3297 3473 3352 sue,
3496 3297 3686 3360 quos,

982 3409 1052 3460 ut
1090 3397 1342 3462 dictum
1384 3407 1503 3470 cst,
1538 3398 1623 3461 de
1656 3396 1965 3461 Hanonia
2006 3407 2073 3462 et
2114 3396 2468 3463 Germania
2517 3399 2658 3483 ipsa
2707 3399 3028 3464 invitavit.
3122 3399 3352 3464 Novus
3395 3395 3684 3482 itaque⁸⁸

981 3539 1101 3583 rex
1166 3518 1345 3602 regia
1402 3537 1645 3584 corona
1705 3517 2069 3602 insignitus,
2114 3539 2315 3602 quam
2373 3520 2789 3585 beatissimus
2839 3521 3168 3586 consessor
3226 3533 3489 3586 sanctus
3547 3520 3682 3584 Ed·

1054 3703 1071 3736 ¹
1110 3722 1201 3760 ma
1348 3746 1363 3760 .
1404 3707 1466 3760 Β.

1052 3807 1075 3841 ⁸
1112 3722 1382 3865 Hef'enxe
1407 3809 1456 3865 C
1453 3811 1710 3864 σαρκία
1737 3809 1872 3864 MS.
1890 3809 2096 3879 begins.
2183 3810 2296 3866 nc
2333 3812 2610 3867 Bodleian
2645 3813 2778 3869 MS.
2809 3813 3066 3885 prweeds
3091 3811 3233 3866 mn
3266 3815 3344 3868 its
3379 3817 3606 3868 rvrsr’oae
3630 3823 3688 3868 to

982 3897 1077 3952 the
1098 3897 1213 3953 end
1230 3897 1565 3968 ostheyear
1590 3912 1609 3954 ι
1621 3912 1740 3968 329,
1764 3898 1891 3952 and
1906 3899 2037 3953 then
2053 3903 2224 3970 gives
2248 3899 2342 3955 nu
2364 3909 2485 3956 tert
2506 3901 2782 3973 assonnd
2795 3903 2861 3955 r'n
2888 3901 2953 3958 C.
2978 3908 3036 3956 {0
3053 3899 3380 3973 [haperne.

1054 4000 1075 4034 ⁸
1111 4002 1524 4058 devotissimus.
1562 4003 1627 4058 C.
2125 4005 2144 4035 ⁸
2180 4022 2288 4060 one.
2327 4005 2412 4061 B'.
2439 4007 2504 4062 C.
2977 4003 2998 4034 ⁸
3035 4005 3352 4074 resignflvit.
3391 4007 3456 4061 B.
3485 4005 3570 4062 13¹.

1056 4088 1079 4120 ⁰
1116 4089 1487 4162 primogeniti.
1530 4091 1627 4156 B.;
1681 4090 1869 4146 filium.
1909 4091 1994 4148 13².
2021 4092 2088 4149 C.
2371 4090 2393 4122 ¹
2428 4095 2587 4166 quin.
2611 4091 2764 4164 cira]
2792 4110 2900 4148 our.
2941 4095 3035 4160 B.;
3075 4094 3186 4164 xiij.
3227 4093 3309 4149 13⁸.

1056 4175 1078 4206 ⁸
1108 4177 1387 4247 juvenem.
1430 4179 1511 4232 θ’.
1540 4178 1605 4235 C.
1820 4179 1842 4210 ⁹
1878 4179 1934 4236 in
1961 4197 2164 4248 regem.
2207 4179 2289 4235 ΒΕ
2318 4181 2381 4238 C.
2579 4181 2620 4214 ⁸·
2658 4180 2920 4239 secunda.
2959 4183 3024 4238 C.
3241 4179 3280 4214 ¹¹
3321 4181 3594 4253 Reynald..
3621 4183 3688 4239 C.

1064 4263 1103 4294 '³
1141 4267 1376 4333 Anglici.
1418 4267 1501 4320 13¹.
1540 4267 1604 4322 C.
2068 4268 2106 4299 ι’
2145 4286 2252 4322 om.
2281 4270 2346 4324 C.
2808 4269 2848 4302 ¹⁸
2885 4287 2990 4326 om.
3035 4271 3116 4325 13’.
3144 4270 3208 4327 C.
