4154 4895
1253 277 1365 332 LE
1407 275 1701 333 BAKER
1744 276 1864 332 DE
1907 276 2528 334 SWYNEBROKE.
3167 288 3242 354 71

541 479 858 546 Flandria
932 477 1399 544 ministrarunt.
1480 476 1907 545 Confirmatis
1978 499 2222 563 nempe
2292 478 2597 545 amicicia
2663 488 2731 543 et
2797 478 3012 563 pactis
3077 478 3247 543 inter
3287 482 3608 535 Δ-Βι1840.

543 602 723 684 ipsos
769 611 837 666 et
881 621 1103 685 regem
1147 622 1356 684 nuper
1402 600 1598 679 initis,
1644 601 1769 687 ipsi
1830 621 1948 685 per
1998 601 2239 679 omnia,
2284 600 2472 667 sicud
2537 621 2694 665 vero
2755 601 2892 684 regi
2954 600 3250 678 Francie,
3291 613 3377 666 He
3398 614 3538 666 chal-

541 742 615 787 se
658 723 837 806 ipsos
872 722 1250 787 exibebant.
1339 721 1594 786 Taliter
1629 721 1971 787 obsidione
2006 720 2415 800 confirmata,
2445 722 2705 806 scripsit
2744 719 2902 786 rex¹
2941 721 3248 806 Philippo
3288 681 3479 812 {535ss

542 845 628 909 de
669 843 952 921 Valesio,
996 844 1257 908 tiranno
1303 843 1730 921 Francorum,
1775 844 1958 926 quod
2011 844 2230 925 ipsum
2285 844 2350 907 in
2396 864 2636 926 campo
2679 852 3065 927 expectaret
3125 864 3251 927 pro

542 964 718 1029 bello
757 966 844 1030 ad
891 965 1069 1030 diem
1113 975 1366 1031 certum
1412 965 1583 1029 inter
1626 965 1805 1048 ipsos
1845 964 2179 1043 feriend03
2226 974 2293 1030 et
2339 965 2677 1048 respondit
2721 965 3036 1040 tirannus,
3068 964 3251 1030 diem

543 1085 881 1170 assignans
910 1106 1046 1169 quo
1085 1084 1500 1150 obsidionem
1544 1106 1617 1150 se
1660 1085 2190 1150 comminabatur
2230 1097 2628 1150 amoturum.
2720 1084 2844 1151 Set
2885 1105 3248 1168 numquam

543 1205 630 1271 ad
660 1204 861 1271 talem
893 1204 1211 1271 honorem
1242 1205 1557 1289 pervenit,
1587 1204 1742 1272 licet
1771 1206 1858 1270 ab
1894 1206 2243 1271 obsidione
2279 1214 2411 1272 non
2452 1205 2627 1272 ultra
2665 1205 2777 1290 iiij.
2810 1205 3030 1272 leucas
3059 1206 3250 1290 quasi

544 1346 664 1409 per
691 1336 910 1391 totum
939 1335 1204 1410 tempus
1241 1327 1308 1390 in
1340 1327 1634 1392 exercitu
1666 1348 1789 1392 suo
1819 1325 2140 1392 latitaret.

719 1446 961 1513 Comes
984 1446 1294 1513 Hanonie
1315 1449 1400 1513 de
1421 1446 1692 1513 licencia
1713 1469 1869 1514 suos
1889 1457 1957 1513 et
1981 1446 2281 1513 cumillis
2304 1447 2507 1513 eccm.
2528 1446 2855 1530 Anglicos
2873 1446 3255 1531 sagittarios
3341 1462 3382 1511 ι.
3405 1458 3549 1514 118⁶.

546 1576 613 1632 et
659 1588 904 1651 paucos
962 1576 1255 1633 armatos
1313 1567 1561 1634 direxit
1619 1588 1845 1633 versus
1905 1568 2185 1652 opidum
2235 1567 2447 1633 sancti
2501 1566 2818 1647 Amandi‚
2874 1567 3253 1651 quindecim
3292 1543 3422 1594 ¹³⁶⁶
3439 1544 3607 1609 hythe

3292 1617 3443 1661 count
3457 1611 3516 1660 of

546 1687 910 1752 miliaribus
967 1688 1324 1754 distantem
1374 1688 1462 1753 ab
1513 1688 1892 1768 obsidione3
1962 1688 2075 1753 ubi
2133 1688 2615 1773 quinquaginta
2669 1687 2914 1753 milites
2968 1697 3036 1753 et
3087 1687 3256 1754 alios
3293 1676 3543 1791 gaggan

547 1809 792 1875 multos
822 1818 1132 1892 ceperunt
1161 1818 1228 1874 et
1264 1809 1661 1888 occiderunt,
1692 1819 1760 1875 et
1802 1810 1990 1893 quasi
2022 1808 2313 1873 infinitas
2353 1809 2627 1875 divicias
2664 1809 3070 1886 invenerunt,
3099 1807 3259 1874 villa
3293 1806 3509 1858 Amand.

546 1938 615 1995 et
655 1930 870 2013 patria
905 1931 1250 1996 adiacente
1291 1930 1804 2014 circumquaque
1846 1931 2236 2011 destructis;
2301 1932 2478 1996 unde
2517 1930 2838 1996 exercitui
2879 1931 2965 1996 de
3003 1931 3256 1997 victua-

547 2050 716 2115 libus
746 2051 1354 2116 habundantissime
1382 2053 1831 2135 providerunt.

721 2172 1005 2238 Duravit
1049 2173 1310 2239 obsidio
1361 2174 1834 2239 Torneacensis
1887 2193 2097 2256 usque
2148 2172 2237 2239 ad
2283 2172 2524 2238 festum
2578 2184 2956 2240 sanctorum
3014 2172 3257 2240 Cosme
3294 2190 3406 2242 The
3427 2192 3563 2257 siege

546 2304 614 2359 et
674 2293 1006 2372 Damiani‚
1064 2295 1245 2377 quod
1300 2304 1400 2361 est
1467 2294 1679 2379 pridie
1721 2293 1946 2378 vigilie
1989 2294 2200 2360 sancti
2248 2293 2611 2360 Michaelis.
2702 2293 2859 2378 Quo
2918 2295 3042 2374 die,
3103 2304 3257 2379 post
3291 2258 3603 2373 ffgs⁰ss1¹1⁰⁸⁷

545 2414 864 2501 plurimos
893 2425 1214 2482 tractatus
1252 2437 1448 2501 super
1476 2426 1711 2501 treuga
1741 2416 2045 2495 ineunda,
2086 2436 2205 2500 per
2234 2415 2525 2482 Francos
2557 2427 2925 2501 procurata,
2958 2416 3024 2482 in
3055 2437 3259 2500 quam
3300 2400 3360 2456 ²⁷
3384 2389 3522 2457 Sept.

547 2538 757 2603 fuerat
816 2558 1204 2604 consensum
1264 2539 1349 2603 ad
1411 2538 1806 2623 peticionem
1868 2536 2275 2603 Gallicorum
2337 2558 2543 2621 usque
2601 2539 2689 2603 ad
2752 2537 2991 2602 festum
3050 2538 3260 2603 sancti
3295 2552 3458 2604 ‘rmoe
3480 2553 3559 2603 sor

551 2657 869 2724 Iohannis
938 2658 1259 2743 Baptiste‚
1324 2668 1574 2725 extunc
1651 2659 1964 2743 proximo
2041 2658 2354 2736 futurum,
2415 2660 2822 2737 duraturam,
2894 2668 2967 2723 ut
3033 2668 3259 2742 posset
3294 2619 3510 2747 ffissm
3534 2690 3590 2735 to

546 2779 805 2844 interim
870 2781 955 2845 de
1013 2800 1175 2863 pace
1226 2781 1512 2857 tractari,
1563 2789 1631 2844 et
1688 2779 1928 2844 redditi
1982 2778 2243 2844 fuerunt
2295 2779 2446 2844 hinc
2494 2789 2561 2844 et
2612 2780 2763 2844 inde
2820 2779 3084 2863 captivi,
3132 2780 3258 2844 sub
3292 2749 3508 2865 {322³ae

547 2901 982 2966 convencione
1028 2899 1239 2964 iurata
1284 2900 1599 2965 redeundi
1652 2902 1738 2966 ad
1792 2901 2044 2966 dictum
2101 2899 2341 2963 festum
2388 2899 2452 2962 in
2499 2919 2653 2990 casu
2702 2919 2837 2981 quo
2887 2919 3019 2965 non
3071 2898 3256 2965 fieret
3291 2881 3609 3012 &⁰⁸¹5

546 3043 684 3106 pax
729 3020 956 3086 finalis.
1049 3018 1160 3086 Sic
1198 3020 1407 3086 fuerat
1440 3021 1661 3087 soluta
1701 3020 1962 3086 obsidio
1992 3020 2444 3097 TornacensiS,
2474 3029 2560 3098 et,
2599 3021 2653 3084 si
2688 3040 2916 3084 verum
2954 3019 3257 3100 fateatur,

547 3142 634 3207 ad
680 3160 989 3225 magnam
1027 3140 1517 3224 displicenciam
1555 3141 1726 3224 regis
1765 3140 2032 3224 Anglie.
2125 3139 2279 3203 Rex
2317 3160 2556 3224 nempe
2596 3158 2727 3203 non
2765 3140 2997 3204 habuit
3034 3160 3257 3205 secum

546 3263 669 3327 nisi
713 3282 959 3347 paucos
1002 3260 1324 3345 Anglicos
1366 3261 1628 3339 ibidem,
1672 3271 1773 3327 set
1816 3282 2048 3326 omnes
2093 3261 2204 3326 alii
2252 3260 2511 3325 fuerunt
2554 3259 2980 3344 stipendiarii,
3015 3260 3257 3343 quibus

546 3404 664 3469 per
707 3384 1107 3467 quindenam
1152 3382 1311 3446 nihil
1359 3382 1568 3447 fuerat
1612 3382 1903 3448 solutum
1949 3403 2071 3466 pro
2116 3402 2197 3447 eo
2236 3381 2417 3465 quod
2460 3381 2735 3465 pecunia
2774 3390 3129 3465 expectata
3167 3382 3253 3446 de

546 3505 795 3589 Anglia
825 3485 955 3569 non
992 3503 1191 3568 venit.
1283 3504 1587 3569 Preterea
1621 3505 1763 3570 dux
1797 3502 2161 3569 Brabancie
2196 3513 2264 3567 et
2304 3522 2525 3569 comes
2566 3501 2937 3579 Hannonie,
2973 3502 3087 3584 qui
3129 3522 3251 3585 pro

544 3647 627 3693 eo
672 3626 1011 3711 potissime
1054 3645 1206 3690 cum
1251 3645 1403 3708 rege
1439 3624 1822 3702 militarunt,
1855 3634 1928 3689 ut
1956 3624 2111 3689 ville
2146 3634 2213 3689 et
2254 3634 2486 3701 castra,
2530 3643 2659 3706 que
2703 3623 2997 3688 tirannus
3042 3621 3249 3687 Fran·

544 3768 773 3813 corum
826 3746 983 3830 ipsis
1031 3745 1306 3811 abstulit
1364 3756 1431 3811 et
1483 3745 1720 3811 iniuste
1777 3745 2076 3822 detinuit,
2123 3744 2333 3810 forent
2384 3745 2479 3810 eis
2530 3764 2650 3829 per
2705 3744 3028 3810 auxilium
3079 3743 3254 3829 regis

545 3870 866 3946 restituta,
909 3868 1091 3951 quod
1135 3877 1202 3933 et
1261 3867 1382 3933 suit
1428 3866 1695 3945 factum,
1739 3876 1857 3946 set,
1903 3875 2197 3933 cessante
2248 3885 2446 3932 causa
2498 3887 2621 3951 pro
2663 3885 2798 3949 qua
2842 3863 3252 3943 laborabant,

547 4010 680 4055 non
730 3988 879 4074 plus
924 3988 1170 4073 placuit
1221 3988 1340 4053 eiis
1383 4009 1619 4072 guerra
1663 3987 1893 4066 aliena,
1938 3996 2290 4071 propterea
2333 4006 2467 4052 uno
2511 4006 2778 4051 assensu
2823 4006 3046 4071 regem
3099 4006 3255 4069 pro-

546 4119 882 4189 vocarunt,
931 4120 999 4176 et
1044 4111 1231 4194 quasi
1267 4119 1638 4195 coegerunt,
1689 4110 1776 4175 ad
1821 4119 2125 4192 treugam
2180 4107 2553 4187 ineundam,
2611 4117 2895 4191 quorum
2959 4106 3255 4191 oportuit

1764 4242 1785 4277 ¹
1821 4261 1925 4302 res.
1965 4247 2030 4301 B.
