4154 4895
587 475 731 529 ΛΦ.
747 478 895 526 1881.

588 1551 750 1601 Truoe
766 1550 887 1601 with

590 1620 744 1681 Spain
768 1618 867 1667 and

591 1682 711 1732 with

594 1748 797 1799 france.

595 2284 797 2348 Adjun·

592 2362 725 2401 ment
748 2351 805 2401 οἱ

659 2774 853 2823 tm.

596 3164 735 3212 Am.
754 3161 910 3211 uu.

598 3253 818 3317 Captnre
840 3249 899 3301 os

598 3319 681 3368 the
705 3318 859 3366 mue

597 3385 655 3432 σί
675 3385 863 3432 (iumen

600 3449 663 3512 by
684 3451 909 3514 surprise.

938 255 1063 321 116
1821 262 2312 319 CIIRONICON
2354 260 2767 317 GALFRJDJ

933 462 1183 527 dissent
1207 458 1251 539 ¹,
1271 459 1566 526 animose
1588 472 1831 537 tamen,
1859 460 2008 526 licet
2041 481 2170 525 non
2204 460 2552 544 sapienter,
2572 479 2726 523 suos
2759 458 2982 523 hostes
3014 471 3415 542 receperunt.
3491 454 3644 524 Sic’

936 584 1283 649 innovatur
1311 604 1459 649 acer
1489 581 1851 659 conflictus,
1883 582 1948 647 in
1976 603 2114 667 quo
2154 583 2294 647 dux
2327 580 2872 657 adversariorum,
2902 579 3194 663 prefatus
3224 580 3531 645 dominus
3560 580 3646 645 de

937 704 1230 789 Bealgin,
1262 704 1499 770 cecidit
1532 714 1910 789 peremtus;
1955 724 2092 787 quo
2133 723 2262 767 non
2309 703 2634 777 obstante,
2674 701 2774 766 sui
2819 713 3197 767 constanter
3236 711 3497 766 nostros
3525 721 3646 764 ex·

936 836 1329 911 pugnarunt,
1360 837 1562 909 atque
1606 845 1836 890 omnes
1879 835 2190 908 ceperunt
2238 824 2501 909 pretcr³
2545 843 2808 907 pauc03,
2853 822 2989 905 qui,
3025 822 3086 887 in
3136 821 3334 887 aliis⁴
3380 820 3644 888 conflic-

936 947 1115 1011 tibus
1137 948 1425 1029 graviter
1454 946 1766 1023 wlnerati,
1789 966 1941 1011 cum
1977 945 2104 1008 illis
2133 945 2245 1028 qui
2280 945 2551 1028 predam
2584 945 2670 1009 ad
2697 943 2919 1008 villam
2945 943 3299 1027 abigebant
3332 956 3486 1007 ante
3517 956 3648 1007 ter·

934 1067 1110 1133 cium
1143 1064 1520 1132 conflictum
1556 1066 1809 1132 fuerant
1854 1064 2204 1139 Calesiam,
2251 1076 2348 1129 set
2399 1064 2611 1149 pauci,
2658 1064 2947 1147 regressi.
3039 1063 3282 1128 Nullus
3323 1063 3648 1145 Anglicus

938 1188 1059 1253 suit
1107 1188 1196 1252 ibi
1242 1188 1513 1262 occisus»,
1543 1186 1841 1254 scilicet⁸
1875 1187 1989 1270 qui
2036 1207 2106 1251 se
2152 1186 2357 1250 voluit
2405 1185 2598 1251 alicui
2649 1186 2958 1263 reddere3
3021 1186 3194 1250 unde
3242 1184 3371 1249 sere
3415 1204 3648 1249 omnes

937 1323 1171 1395 postea
1213 1309 1470 1375 suerunt
1506 1320 1621 1374 aut
1661 1329 1779 1394 pcr
1821 1308 2348 1392 redempcionem
2396 1318 2510 1371 aut
2556 1306 3154 1373 commutacionem
3197 1304 3477 1371 aliorum
3527 1326 3648 1390 pro

940 1429 1068 1494 illis
1101 1430 1357 1495 liberati
1378 1430 1423 1492 ⁶.

1118 1550 1377 1615 Eodem
1430 1570 1604 1616 anno
1650 1572 1847 1616 naves
1912 1550 2216 1635 Ispanie⁷
2282 1570 2432 1617 cum
2495 1550 2892 1615 auctoritate
2952 1550 3278 1616 tractandi
3338 1552 3424 1614 de
3485 1570 3650 1633 pace

942 1670 1260 1754 Angliam
1309 1671 1785 1755 applicuerunt,
1836 1672 2020 1737 sicud
2074 1692 2250 1737 anno
2307 1672 2621 1756 preterito
2672 1670 2790 1736 suit
2843 1692 2957 1755 per
3003 1672 3269 1735 easdem
3314 1666 3646 1735 citatasct

940 1792 1242 1857 detentas
1271 1793 1871 1876 compromissum3
1916 1804 1981 1857 et
2025 1792 2329 1857 ordinate
2373 1803 2522 1857 sunt
2569 1804 2797 1875 treuge
2843 1792 3010 1857 inter
3043 1791 3365 1875 Anglicos
3403 1802 3470 1855 et
3503 1790 3649 1854 illas

938 1933 1060 1976 xx.
1121 1913 1309 1978 annis
1352 1914 1683 1977 durature.
1779 1912 1969 1987 Item,
2037 1914 2206 1978 inter
2266 1933 2466 1997 regna
2529 1913 2774 1995 Anglie
2838 1925 2904 1978 et
2963 1913 3234 1977 Francie
3294 1913 3453 1977 inite
3497 1926 3648 1975 sunt

940 2046 1170 2116 treuge
1227 2054 1397 2098 anue
1456 2032 1918 2112 duracionis⁸3
1992 2056 2159 2118 quas
2220 2046 2488 2119 propter
2547 2035 2932 2118 capcionem
2999 2034 3196 2100 castri
3269 2035 3356 2100 de
3421 2032 3651 2117 Gynes

941 2152 1177 2219 Gallici
1212 2153 1559 2237 fregerunt,
1588 2155 1770 2219 sicud
1797 2155 2015 2219 annali
2035 2154 2060 2191 ⁹
2095 2156 2406 2239 proximo
2436 2165 2720 2220 notatur.

1118 2273 1270 2338 Hiis
1304 2275 1512 2339 eciam
1566 2273 1977 2360 temporibus
2026 2288 2359 2341 mutatum
2420 2288 2519 2340 est
2597 2296 2829 2341 aurum
2891 2275 3218 2361 optimum
3282 2277 3346 2340 in
3408 2296 3649 2340 novam

942 2416 1210 2462 auream
1246 2408 1598 2474 monetam,
1642 2397 1983 2480 antiquum
2025 2397 2201 2463 enim
2244 2397 2625 2463 notabiliter
2657 2398 2862 2464 valuit
2910 2397 3080 2463 ultra
3122 2398 3412 2483 precium
3454 2409 3651 2463 taxa·

944 2531 1108 2593 tum,
1152 2529 1218 2582 et
1268 2518 1417 2582 ideo
1464 2516 1849 2592 Lumbardi,
1891 2519 2086 2584 ceteri
2120 2539 2385 2602 quoque
2433 2531 2828 2584 mercatores
2873 2520 3088 2596 alieni,
3129 2520 3346 2604 ipsum
3392 2535 3648 2584 emtum

943 2649 1443 2722 asportaverunt
1476 2638 1561 2703 de
1592 2658 1812 2722 regn0,
1851 2639 1936 2703 ad
1981 2659 2291 2721 magnam
2342 2641 2510 2724 regis
2554 2652 2619 2704 et
2658 2640 2868 2705 tocius
2899 2639 3144 2724 Anglie
3179 2641 3514 2714 iacturam,
3544 2641 3652 2706 cui

948 2759 1067 2824 fuit
1115 2758 1554 2824 remedialiter
1598 2759 1932 2843 provisum
1982 2780 2098 2844 per
2142 2761 2505 2844 predictam
2544 2761 3160 2827 commutacionem.
3257 2761 3408 2826 Fuit
3440 2760 3648 2825 eciam

948 2891 1216 2944 moneta
1266 2891 1577 2962 argentea
1628 2881 1714 2944 de
1767 2899 1941 2945 novo
2008 2879 2345 2956 fabricata,
2396 2881 2700 2947 videlicet
2753 2901 3020 2964 grossus
3068 2880 3309 2947 valoris
3367 2896 3654 2966 quatuor

946 3001 1409 3084 sterlingorum
1440 3011 1505 3065 et
1536 3000 1701 3066 alius
1734 3000 1796 3064 in
1830 3002 2162 3085 subduplo
2193 3001 2316 3066 sibi
2349 3002 2784 3086 appreciatus,

1123 3120 1327 3185 Anno
1358 3120 1602 3186 Christi
1636 3121 2173 3204 M.ccc.lij.,circa
2205 3122 2597 3206 principium
2639 3122 2879 3186 mensis
2915 3121 3220 3196 Ianuarii,
3243 3121 3516 3187 Gallicis
3541 3144 3652 3188 oc·

946 3243 1202 3327 cupatis
1232 3242 1401 3309 circa
1434 3243 1921 3327 reparacionem
1957 3263 2290 3307 murorum
2323 3243 2474 3308 ville
2503 3245 2588 3308 de
2620 3243 2863 3328 Gynes,
2889 3255 3082 3308 antoe
3105 3241 3154 3279 ¹⁰
3185 3265 3298 3327 per
3331 3243 3653 3326 Anglicos

947 3360 1304 3434 devastate,
1333 3360 1607 3442 quidam
1644 3359 1765 3423 viri
1796 3371 2007 3424 status
2041 3360 2342 3424 militaris
2382 3361 2564 3444 operi
2608 3373 2796 3425 tanto
2842 3360 3012 3424 male
3052 3361 3292 3425 conscii
3339 3359 3650 3440 ingeniati

950 3494 1101 3545 sunt
1132 3480 1272 3544 eius
1294 3479 1845 3556 demollicioncm,
1868 3493 1934 3545 et
1966 3480 2330 3556 efficaciter,
2355 3481 2477 3544 sub
2514 3481 2636 3546 bac
2663 3480 2892 3545 forma.
2957 3479 3119 3544 Erat
3151 3481 3422 3563 quidam
3449 3481 3652 3562 sagit·

950 3600 1153 3666 tarius
1183 3601 1449 3665 nomine
1491 3600 1815 3665 Iohannes
1859 3600 2285 3666 Danecastrie
2310 3599 2376 3676 ¹¹,
2409 3601 2522 3685 qui
2565 3601 2923 3685 aliquando
2961 3616 3196 3684 captus
3239 3611 3304 3664 et
3349 3601 3410 3664 in
3435 3615 3654 3666 castro

948 3723 1032 3785 de
1053 3719 1110 3784 G
1118 3743 1279 3803 ynes
1305 3721 1753 3798 incarceratus,
1772 3742 1889 3787 nec
1913 3722 2163 3787 habens
2187 3724 2360 3787 unde
2377 3723 2606 3786 redimi
2629 3735 2866 3807 posset,
2891 3733 2960 3786 ut
2987 3722 3073 3785 ibi
3099 3721 3396 3786 similiter
3419 3743 3656 3806 opera·

950 3855 1143 3916 retur,
1169 3840 1373 3906 suerat
1393 3843 1717 3906 dimissus.
1770 3840 1921 3916 Iste,
1952 3843 2296 3908 cuiusdam
2336 3843 2666 3907 fedissime
2687 3841 2735 3879 ¹⁰
2761 3841 3004 3908 lotricis
3036 3840 3201 3906 fedis
3231 3841 3656 3924 amplexibus

1023 3974 1039 4009 ¹
1077 3978 1548 4047 expendidissent.
1590 3979 1651 4033 B.
2107 3975 2128 4009 ⁸
2169 3981 2282 4034 Set.
2327 3980 2391 4034 Β.
3085 3975 3106 4007 ⁸
3145 3989 3514 4048 preterquam.
3557 3978 3618 4032 Β.

1021 4063 1042 4094 ⁸
1080 4065 1293 4120 ceteris.
1333 4067 1400 4122 C.
1754 4062 1779 4096 ⁰
1814 4085 1921 4120 om.
1966 4068 2026 4120 B.
2312 4064 2334 4097 ⁸
2371 4067 2627 4122 libertati.
2669 4069 2731 4123 B.
3059 4061 3080 4094 ³
3123 4065 3430 4136 liytpnnie.
3470 4067 3534 4120 C.

1020 4149 1041 4180 ⁶
1079 4169 1227 4204 anne
1250 4151 1599 4226 duma-tbus's]
1627 4153 1848 4208 altered
1866 4162 1923 4208 to
1946 4170 2098 4208 anno
2125 4170 2236 4208 uno
2259 4153 2539 4211 durature.
2581 4157 2646 4212 C.
2897 4153 2920 4184 ⁹
2955 4152 3174 4207 altered
3191 4159 3250 4206 to
3273 4169 3440 4208 anm
3481 4155 3546 4208 C.

1020 4235 1065 4271 ⁸⁰
1098 4240 1305 4294 σει-ταί.
1344 4241 1409 4296 C.
1838 4241 1875 4274 ¹⁸
1917 4242 2268 4298 Daue-istrie.
2310 4243 2375 4299 C.
