4154 4895
1293 290 1581 347 NOTES
1622 291 1810 347 AND
1854 293 2548 351 ILLUSYRATIONS.
3146 302 3267 369 217

776 452 1105 523 Knyghton,
1149 465 1214 524 25
1224 466 1305 523 59,
1348 455 1626 511 mentions
1675 457 1972 525 Douglas's
2016 458 2229 528 cruelty
2265 469 2324 513 to
2367 457 2608 528 English
2653 456 2969 528 prisoners:
3011 457 3026 485 ‘
3047 456 3267 512 Eodem

703 556 872 607 anno,
899 541 954 595 in
980 551 1191 608 aestate,
1218 542 1426 598 factum
1462 553 1549 599 est
1585 544 1792 599 bellum
1830 546 1983 614 apud
2019 547 2287 601 Frontem
2326 546 2612 601 Bernarde
2650 545 2797 601 inter
2822 544 3175 600 Christianos
3211 555 3268 600 et

704 644 958 697 paganos
984 648 998 694 ς
1035 639 1090 685 et
1118 628 1193 683 ibi
1220 631 1438 685 occisus
1462 641 1548 687 est
1575 631 1834 687 dominus
1858 635 2106 703 Jacobus
2136 634 2351 703 Duglas
2381 633 2653 700 Scoticus,
2680 632 2772 703 qui
2801 632 2858 687 in
2885 643 3140 702 tempore
3166 649 3269 687 suo

701 715 881 770 multa
923 718 1071 770 mala
1110 716 1368 772 intulerat
1409 718 1660 788 Anglicis
1698 729 1753 774 et
1796 721 2077 791 praecipue
2116 730 2244 791 post
2292 721 2552 791 proelium
2591 721 2664 776 de
2708 721 3041 790 Stryveline.
3115 721 3268 775 Nam

702 803 1011 871 quemlibet
1053 804 1400 874 sagittarium
1437 822 1605 877 quem
1643 824 1844 877 capere
1890 817 2129 877 poterat,
2170 818 2266 863 aut
2308 808 2563 863 dextram
2609 824 2841 863 manum
2881 806 3123 863 abscidit
3172 818 3268 863 aut

701 891 927 945 oculum
955 891 1209 946 dextrum
1249 892 1407 960 eruit,
1433 903 1488 949 et
1526 894 1672 950 adeo
1704 913 1764 950 se
1801 895 2086 951 crudelem
2110 913 2245 965 erga
2268 896 2541 965 Anglicos
2575 896 2824 965 gerebat,
2850 906 3078 966 propter
3101 911 3267 949 arcus

704 993 838 1032 suos
876 988 932 1033 et
984 980 1234 1048 sagittas,
1271 982 1427 1051 quod
1474 983 2023 1053 quantulamcunque
2072 999 2361 1038 enormem
2404 993 2460 1039 et
2508 983 2915 1038 intolerabilem
2956 982 3266 1037 vindictam

704 1081 903 1135 capere
945 1076 1137 1137 posset
1188 1068 1260 1122 de
1308 1068 1564 1139 personis
1610 1070 1867 1139 Anglicis
1916 1069 2102 1125 minus
2146 1072 2375 1127 brevem
2422 1080 2479 1126 et
2523 1071 2704 1126 levem
2751 1070 3107 1140 excogitavit,
3144 1085 3260 1124 non

705 1153 922 1208 habens
958 1154 1032 1209 de
1068 1155 1257 1227 aliquo
1293 1156 1593 1226 pietatem!

560 1273 731 1339 Pege
754 1274 857 1343 42,
894 1276 929 1330 l.
955 1290 1006 1344 9.
1080 1276 1303 1347 Nupcie
1333 1278 1488 1333 inter
1502 1278 1674 1348 filias
1708 1278 1924 1349 Rogeri
1960 1278 2028 1332 de
2061 1279 2301 1333 Mortuo
2336 1281 2504 1333 mari.
2582 1274 2692 1335 His
2730 1280 3006 1350 daughter
3040 1276 3267 1333 Beatrix

705 1378 820 1417 was
855 1363 1097 1418 married
1133 1374 1193 1419 to
1217 1364 1478 1432 Edward,
1504 1382 1608 1431 son
1637 1366 1701 1420 of
1729 1366 1982 1421 Thomas
2014 1366 2080 1421 of
2110 1367 2483 1434 Brotherton;
2520 1368 2634 1422 and
2661 1369 2851 1437 Agnes
2877 1378 2936 1422 to
2962 1369 3266 1431 Laurence,

705 1461 810 1500 son
846 1446 912 1500 of
938 1447 1107 1518 John,
1134 1448 1285 1502 Lord
1326 1449 1617 1519 Hastings,
1653 1450 1766 1504 and
1798 1450 2122 1505 afterwards
2154 1452 2270 1505 earl
2304 1451 2369 1505 of
2409 1452 2738 1507 Pembroke.
2816 1453 2908 1506 He
2945 1450 3059 1505 had
3098 1449 3154 1504 in
3192 1449 3267 1503 all

703 1549 873 1589 seven
905 1534 1225 1605 daughters,
1250 1537 1388 1591 each
1423 1538 1486 1591 of
1518 1537 1702 1591 whom
1728 1555 1843 1592 was
1869 1537 2113 1592 married
2139 1537 2257 1592 into
2284 1555 2441 1593 some
2466 1539 2729 1609 powerful
2755 1538 2967 1607 family.

560 1673 703 1685 ——
739 1648 775 1701 l.
811 1662 897 1703 21.
969 1649 1426 1704 parliamentum
1467 1650 1807 1706 Sarisbum'e.
1882 1650 2022 1705 This
2071 1651 2402 1720 parliament
2450 1661 2537 1706 sat
2579 1652 2723 1707 from
2762 1652 2857 1707 the
2902 1651 3029 1707 16tb
3068 1660 3130 1705 to
3169 1649 3266 1705 the

704 1745 826 1804 3lst
853 1736 1116 1791 October.
1190 1738 1543 1793 Lancaster’s
1577 1738 1829 1793 abortive
1864 1748 2105 1809 attempt
2128 1748 2185 1793 to
2209 1739 2388 1793 throw
2412 1738 2499 1793 off
2523 1739 2866 1795 Mortimer’s
2890 1739 3036 1809 yoke
3061 1738 3109 1793 is
3133 1738 3266 1793 thus

702 1823 997 1879 described
1022 1826 1097 1894 by
1123 1826 1450 1895 Knyghton,
1477 1837 1683 1895 2553-5
1710 1843 1725 1880 ε
1778 1824 1792 1853 ‘
1811 1826 2031 1881 Eodem
2069 1842 2220 1881 anno
2257 1836 2457 1897 captus
2483 1837 2570 1882 est
2596 1827 2857 1882 dominus
2885 1827 3165 1881 Robertus
3192 1825 3266 1879 de

705 1912 935 1966 Holand
977 1911 1033 1966 in
1076 1929 1190 1967 uno
1224 1913 1397 1967 bosco
1439 1912 1580 1968 citra
1617 1912 1955 1968 Londonias.
2032 1914 2149 1969 Iste
2189 1914 2470 1969 Robertus
2516 1924 2735 1969 erectus
2772 1923 2860 1969 est
2901 1914 2976 1968 de
3018 1929 3266 1983 paupere

702 1998 877 2054 milite
911 1998 966 2053 in
1005 1998 1301 2055 sublimem
1338 2010 1394 2055 et
1432 2000 1663 2055 divitem
1702 2002 1974 2056 baronem
2011 2018 2112 2071 per
2136 2000 2400 2056 comitem
2425 2001 2775 2057 Lancastriae
2800 2003 3101 2056 Thomam.
3176 2001 3266 2055 Eo

702 2098 954 2158 tempore
993 2104 1105 2158 quo
1147 2088 1428 2144 discordia
1471 2088 1703 2144 increvit
1743 2089 1886 2144 inter
1924 2089 2217 2144 dominum
2262 2107 2424 2145 suum
2467 2090 2750 2144 Thomam
2791 2098 2848 2144 et
2890 2106 3100 2158 regem,
3142 2087 3266 2159 ipse

705 2175 989 2230 Robertus
1011 2176 1259 2243 Holand,
1280 2178 1337 2231 in
1363 2194 1584 2232 summa
1607 2177 1944 2233 necessitate
1965 2177 2178 2231 domini
2205 2176 2307 2244 sui,
2329 2177 2557 2247 quando
2575 2177 2838 2233 dominus
2864 2194 2998 2231 suus
3023 2176 3265 2231 maxime

701 2262 1020 2318 confidebat
1053 2264 1124 2319 de
1151 2263 1274 2335 ejus
1309 2264 1555 2320 adventu
1593 2280 1722 2318 cum
1759 2262 1966 2320 auxilio
2004 2265 2194 2335 populi
2233 2265 2530 2336 promisso,
2566 2264 2761 2320 relicto
2798 2264 3030 2319 domino
3068 2280 3168 2318 suo
3206 2262 3263 2317 in

702 2367 806 2405 sua
847 2350 1110 2419 angustia
1146 2350 1471 2418 inevitabili,
1507 2351 1751 2406 reddidit
1797 2369 1856 2408 se
1901 2351 2036 2421 regi,
2075 2350 2364 2422 decipiens
2403 2352 2693 2407 dominum
2729 2368 2931 2417 suum3
2979 2367 3154 2423 quam
3188 2350 3264 2405 ob

702 2438 1087 2496 infidelitatem
1122 2457 1320 2495 omnes
1357 2457 1616 2511 proceres
1650 2450 1706 2496 et
1745 2450 2036 2511 magnates
2075 2440 2230 2509 regni
2276 2439 2408 2496 odio
2450 2458 2581 2496 eum
2632 2440 2933 2502 habebant.
3007 2439 3083 2494 Et
3132 2454 3262 2493 cum

701 2526 947 2582 maximo
983 2527 1259 2598 vituperio
1295 2537 1462 2598 caput
1498 2527 1621 2598 ejus
1655 2529 1970 2584 abscissum
2008 2538 2114 2597 est,
2153 2529 2229 2583 ad
2265 2527 2529 2584 comitem
2566 2527 2910 2584 Lancastriae
2951 2525 3264 2583 Henricum

702 2615 855 2684 apud
880 2616 1170 2670 Waltham
1210 2615 1403 2671 Sancti
1445 2616 1641 2671 Crucis
1677 2616 2075 2671 transmissum
2112 2626 2199 2671 est
2236 2634 2336 2687 per
2372 2615 2658 2686 quendam
2697 2615 2952 2683 militem,
2977 2616 3262 2669 Thomam

701 2703 939 2771 Wyther
976 2702 1220 2768 nomine,
1246 2713 1302 2758 et
1339 2703 1480 2758 alios
1517 2713 1764 2758 secretos
1789 2704 2027 2758 Thomae
2064 2703 2290 2759 comitis
2321 2703 2682 2759 Lancastriae.
2754 2703 2926 2774 Apud
2955 2701 3261 2770 Salusbury

702 2790 897 2860 regina
941 2791 1184 2846 Isabella
1230 2802 1285 2846 et
1332 2793 1587 2860 Rogerus
1635 2792 1706 2847 de
1759 2792 1986 2846 Mortuo
2034 2791 2176 2846 mari
2225 2792 2477 2847 fecerunt
2527 2808 2702 2846 novos
2749 2790 3003 2858 comites,
3049 2788 3262 2845 scilicet

698 2881 1014 2951 Jobannem
1042 2879 1112 2935 de
1139 2879 1369 2934 Eltham
1395 2879 1661 2934 comitem
1687 2878 2005 2946 Cornubiae,
2032 2881 2321 2946 Rogerum
2347 2879 2419 2934 de
2448 2881 2676 2935 Mortuo
2713 2879 2854 2934 mari
2889 2876 3152 2933 comitem
3192 2877 3264 2932 de

704 2966 979 3034 Marchia,
1033 2967 1402 3021 Edmundum
1464 2968 1693 3022 Botoler
1753 2967 2018 3022 comitem
2081 2967 2153 3022 de
2203 2967 2482 3033 Ormund,
2531 2966 2624 3038 qui
2685 2984 2903 3033 omnes,
2953 2983 3083 3021 cum
3146 2965 3262 3021 suis

699 3049 1135 3116 adhaerentibuS,
1161 3061 1640 3120 congregaverunt
1673 3067 1943 3120 magnum
1983 3049 2293 3105 exercitum
2324 3050 2399 3104 ad
2440 3049 2742 3105 Isabellam
2777 3049 3032 3119 reginam
3069 3057 3263 3103 contra

701 3138 965 3192 comitem
992 3138 1331 3193 Lancastriae
1360 3138 1668 3193 Henricum
1690 3148 1748 3193 et
1773 3138 1915 3193 alios
1941 3149 2236 3207 magnates
2261 3138 2332 3193 de
2352 3155 2541 3208 regn0,
2563 3136 2655 3208 qui
2680 3153 2794 3191 non
2820 3137 3042 3191 fuerant
3065 3152 3261 3191 eorum

701 3225 925 3281 nefariis
969 3224 1232 3295 operibus
1269 3226 1699 3281 consentientes.
1772 3226 1848 3280 Et
1896 3224 2288 3296 equitaverunt
2326 3225 2536 3280 viribus
2573 3235 2629 3279 et
2665 3223 2839 3281 annis
2881 3241 3049 3293 super
3082 3233 3261 3278 terras

701 3313 838 3368 dicti
889 3312 1126 3379 comitis,
1176 3322 1233 3369 et
1281 3323 1551 3367 venerunt
1609 3312 1987 3382 Leycestriam
2049 3329 2179 3367 cum
2234 3330 2441 3382 magno
2488 3311 2733 3368 exercitu
2782 3310 3150 3381 Anglicorum
3205 3320 3263 3365 et

700 3402 1104 3468 Wananorum,
1138 3399 1318 3471 pridie
1356 3417 1536 3455 nonas
1568 3399 1853 3471 Januarii;
1892 3411 1948 3455 et
1982 3401 2345 3455 morabantur
2377 3399 2435 3454 in
2469 3398 2791 3469 Leycestria
2832 3407 2889 3453 et
2929 3397 2986 3452 in
3029 3396 3261 3451 circum-

694 3488 920 3560 jacente
959 3488 1141 3558 patria
1179 3479 1309 3542 octo
1351 3486 1567 3554 diebus,
1606 3497 1662 3543 et
1701 3487 2077 3558 spoliaverunt
2118 3487 2366 3558 undique
2404 3486 2645 3558 patriam
2681 3496 2737 3541 et
2779 3486 3003 3551 boscos,
3042 3501 3262 3554 parcos,

700 3576 910 3643 vineas,
936 3587 1152 3645 stagna,
1178 3575 1443 3646 piscinas,
1468 3585 1523 3631 et
1551 3593 1741 3631 secum
1776 3575 2128 3631 abduxerunt
2153 3574 2418 3646 quicquid
2445 3573 2762 3644 preciosum
2788 3582 2885 3628 aut
2910 3571 3020 3627 vile
3058 3587 3260 3626 manus

699 3681 893 3720 eorum
921 3662 1168 3718 invenire
1193 3673 1506 3734 potuerant,
1531 3680 1744 3730 aurum,
1771 3673 2085 3733 argentum,
2111 3662 2301 3731 blada,
2328 3661 2604 3730 utensilia,
2630 3660 2903 3729 lectualia,
2930 3659 3260 3725 mensualia,

700 3768 878 3821 arma,
919 3751 1271 3816 vestimenta,
1313 3751 1525 3807 bestias
1574 3751 1723 3806 feras
1764 3761 1821 3806 et
1865 3750 2225 3818 domestica5,
2269 3767 2403 3805 oves
2442 3760 2498 3805 et
2542 3750 2732 3813 boves,
2769 3765 2958 3814 aucas,
3002 3746 3259 3817 gallinas»,

701 3853 758 3896 et
784 3850 1113 3895 ornamenta
1138 3839 1537 3907 ecclesiastica,
1563 3839 1697 3894 nihil
1726 3839 1783 3895 in
1807 3838 2059 3894 ecclesiis
2087 3838 2373 3894 inventum
2400 3837 2486 3892 vel
2525 3836 2657 3891 alibi
2698 3834 3080 3906 relinquendo,
3106 3851 3173 3888 ac
3211 3835 3257 3890 si

700 3938 852 3985 esset
903 3927 957 3981 in
1006 3937 1259 3998 tempore
1306 3944 1522 3996 guerrae
1561 3927 1706 3982 inter
1753 3943 1945 3997 regna.
2019 3928 2096 3981 Et
2145 3927 2254 3981 hoc
2302 3936 2481 3980 totum
2532 3925 2589 3980 in
2637 3923 2999 3994 opprobrium
3037 3921 3258 3978 comitis

702 4014 1064 4082 Lancastriae,
1102 4014 1196 4086 qui
1246 4027 1377 4070 tunc
1414 4016 1591 4070 fuerat
1631 4013 1689 4068 in
1726 4014 2005 4070 veniendo
2045 4015 2119 4069 de
2155 4013 2404 4084 partibus
2445 4012 2779 4067 australibus
2816 4028 2945 4066 cum
2982 4021 3259 4081 potestate

699 4121 926 4172 magna,
952 4103 1143 4158 volens
1180 4101 1263 4158 eis
1301 4103 1579 4171 obviasse,
1618 4102 1834 4158 habens
1872 4101 1928 4156 in
1967 4101 2235 4156 comitatu
2276 4117 2378 4155 suo
2415 4111 2706 4170 magnates
2745 4098 2837 4169 qui
2875 4099 3091 4153 fuerant
3128 4113 3256 4151 cum

701 4190 927 4246 Thoma
975 4190 1180 4245 comite
1224 4190 1584 4259 lancastriae,
1630 4189 1840 4245 scilieet
1885 4189 2147 4244 comitem
2202 4187 2476 4254 Marchiae
2523 4188 2640 4254 (ss’c,
2680 4189 2775 4241 tle.
2818 4184 3256 4252 Marescallum),

1870 4288 1904 4331 r
1929 4278 1958 4331 f
