4154 4895
550 476 691 528 LD.
704 477 867 527 1⁸50.

614 956 656 1006 Ῑ.
678 958 799 1007 148.

548 1682 729 1735 θύοι
753 1683 813 1735 os

546 1750 632 1800 the
658 1749 846 1800 French

545 1815 745 1879 cavalry

637 1880 722 1931 the

544 1881 755 2062 ἐκ

546 4002 719 4050 Ῑῌαί
748 4001 803 4048 o(

540 4071 621 4116 the
652 4067 838 4115 Fremb

905 245 1027 322 148
1769 253 1818 309 C
1817 253 2139 311 HRONIC
2139 254 2260 313 ΟΝ
2301 255 2712 313 GALFRID!

902 473 1171 538 quoque
1237 451 1721 519 balistariorum
1784 452 2075 521 crebrius
2134 463 2203 521 et
2271 454 2601 541 profusius
2674 457 2956 523 evolare.
3066 458 3304 545 Itaque
3380 462 3609 537 nostri.

899 575 1107 642 tercia
1150 585 1377 642 coorte
1415 576 1715 661 superius
1772 577 1858 641 ad
1920 577 2224 643 temesim
2270 577 2543 645 viriliter
2595 578 2820 645 hostes
2865 592 3216 657 mactante,
3261 582 3612 666 primaque

895 698 1107 764 classe
1156 699 1487 765 subterius
1542 699 1606 764 in
1667 698 1927 764 declivo
1987 711 2055 765 et
2117 700 2306 765 iuxta
2368 701 2740 778 mariscum,
2785 703 2911 767 sub
2970 704 3217 767 comite
3261 700 3606 769 Warewici

900 816 1133 884 Gallos
1178 819 1413 885 obvios
1458 830 1932 905 prosternente,
1964 821 2289 905 sagittarii
2323 822 2534 906 prime
2578 824 2823 887 coortis
2852 833 3180 889 steterunt
3227 824 3292 889 in
3327 825 3608 891 marisco

898 941 1127 1017 securi,
1173 962 1256 1006 ne
1317 941 1699 1007 invaderent
1759 963 1873 1008 eos
1924 943 2223 1026 equites;
2285 944 2617 1009 modicum
2668 953 2890 1009 tamen
2942 945 3190 1010 ibidem
3237 945 3606 1012 valuerunt.

899 1061 1183 1145 Equites
1225 1061 1424 1139 enim,
1465 1062 1651 1128 sicud
1698 1074 1951 1130 tactum
1999 1073 2120 1141 est,
2164 1063 2250 1128 ad
2297 1064 2677 1147 sagittarios
2722 1064 3206 1131 conculcandos
3248 1078 3317 1132 et
3363 1087 3520 1131 suos
3563 1088 3606 1131 a

895 1184 1156 1267 sagittis
1197 1184 1643 1269 protegendos
1686 1185 2074 1261 coordinati,
2107 1197 2360 1251 stantes
2395 1185 2586 1251 iuxta
2621 1206 2777 1250 suos
2819 1186 3206 1252 direxerunt
3251 1187 3606 1269 sagittariis

897 1316 1165 1389 pectora
1231 1304 1491 1370 laminis
1556 1304 1787 1371 calibis
1853 1317 1921 1371 et
1987 1306 2194 1372 scutis
2261 1306 2547 1371 nervinis
2615 1307 2708 1372 ita
2774 1304 3366 1385 solide'contecta.
3421 1310 3604 1392 quod

894 1425 1139 1509 sagitte
1198 1426 1447 1491 directe
1506 1437 1620 1491 aut
1683 1426 1749 1491 in
1812 1426 2133 1493 minucias
2179 1427 2265 1492 ad
2328 1428 2569 1491 durum
2644 1427 2978 1494 obiectum
3026 1428 3280 1495 fuerant
3329 1430 3606 1513 protrite

895 1547 1001 1612 vel
1051 1546 1558 1613 reflectebantur
1616 1547 1682 1612 in
1744 1547 2112 1633 Olimpum,
2160 1548 2222 1612 in
2276 1549 2564 1613 exicium
2625 1549 2904 1613 dubium
2965 1549 3177 1614 hostis
3238 1548 3341 1613 vel
3407 1548 3604 1615 amici

899 1670 1163 1733 ruiture.
1284 1668 1437 1733 Hoc
1510 1668 1942 1753 perpendens,
2007 1689 2232 1735 comes
2300 1669 2568 1735 Oxonie
2641 1670 2982 1736 descendit
3054 1691 3095 1736 a
3171 1670 3464 1756 principe
3535 1684 3604 1735 et

896 1789 1276 1874 sagittarios
1318 1791 1556 1855 ductos
1600 1789 1665 1853 in
1711 1790 2055 1873 obliquum
2104 1790 2287 1856 iussit
2335 1790 2419 1855 ad
2467 1811 2789 1874 equorum
2837 1792 3203 1876 posteriora
3247 1792 3604 1875 sagittare3

895 1933 1031 1997 quo
1090 1910 1288 1988 sactu,
1332 1911 1534 1977 saucii
1593 1912 1911 1977 dextrarii
1972 1911 2416 1989 calcitrarunt‚
2465 1913 2824 1977 insidentes
2882 1914 3002 1977 ciis
3062 1926 3470 1998 proruerunt,
3517 1928 3606 1989 ct.

895 2047 1128 2099 contra
1172 2053 1328 2097 suos
1386 2033 1644 2109 reversi,
1688 2043 1979 2115 stragem
2039 2055 2173 2098 non
2237 2035 2566 2099 modicam
2617 2033 2974 2099 intulerunt
3022 2054 3251 2099 eorum
3299 2034 3604 2107 dominis,

893 2153 1097 2224 alium
1142 2166 1369 2219 tamen
1431 2153 1630 2221 finem
1693 2153 2103 2220 machinatis.
2223 2154 2510 2222 Abactis
2569 2154 2794 2238 itaque
2850 2155 3222 2231 dextrariis,
3265 2156 3604 2237 sagittarii,

896 2296 1016 2339 suo
1078 2272 1228 2341 loco
1292 2275 1489 2361 priori
1559 2276 1860 2361 repetite,
1927 2275 2136 2341 latera
2199 2275 2572 2361 pugnancia
2641 2276 3042 2341 Francorum
3110 2276 3366 2342 directo
3429 2276 3603 2341 iactu

895 2398 1328 2463 terebrarunt.
1449 2396 1893 2463 continuatur
1950 2396 2173 2462 orrida
2236 2397 2467 2462 Martis
2513 2396 2786 2472 insania,
2833 2397 3324 2463 decertantibus
3369 2396 3602 2462 Ware-

894 2519 1154 2584 wicensi
1236 2516 1856 2602 Saresburiensique
1942 2517 2262 2592 leonibus,
2335 2517 2484 2602 quis
2556 2538 2783 2583 eorum
2860 2517 3205 2602 profusiori
3282 2519 3604 2602 sanguine

898 2638 1154 2705 Franco
1216 2653 1458 2704 terram
1524 2638 1978 2705 pictavensem
2037 2639 2387 2715 debriaret,
2433 2658 2748 2723 armaque
2807 2639 3069 2723 propria
3115 2639 3331 2703 calido
3374 2659 3604 2705 cruore

892 2760 1284 2844 gloriaretur
1350 2759 1686 2826 maculari.
1776 2761 1921 2826 Nec
1981 2762 2071 2826 ab
2137 2781 2340 2846 opere
2405 2780 2526 2824 suo
2587 2760 2866 2836 vacavit,
2918 2759 3245 2844 sapiencie
3307 2760 3606 2826 militaris

895 2883 1300 2948 domicilium
1346 2881 1693 2966 singulare,
1721 2883 2006 2947 strenuis
2047 2883 2305 2948 actibus
2347 2903 2388 2948 a
2434 2883 2769 2947 iuventute
2815 2881 2878 2945 in
2926 2895 3308 2966 provectam
3355 2897 3602 2946 etatem

895 3005 1263 3082 decoratus,
1309 3003 1605 3069 Thomas
1652 3003 1952 3076 Dofford,
2000 3004 2235 3068 merito
2293 3002 2520 3069 consul
2584 3001 3150 3067 Suthsolchiensis.
3275 3002 3426 3087 lpse
3485 3025 3604 3088 per

893 3126 1161 3208 agmina
1248 3124 1507 3208 singula
1594 3145 1877 3198 currens,
1965 3123 2262 3206 singulos
2357 3123 2630 3189 hortans
2730 3136 2931 3207 atque
3032 3121 3412 3189 confortans
3511 3126 3602 3190 ad

894 3248 1065 3312 bene
1095 3246 1486 3322 faciendum,
1522 3247 1795 3312 cavebat
1836 3266 1917 3310 ne
1948 3246 2255 3310 iuvenum
2291 3245 2500 3310 servor
2543 3244 2879 3310 animosus
2925 3243 3289 3310 inconsulte
3333 3265 3602 3328 progre-

893 3369 1177 3440 deretur.
1240 3381 1355 3432 aut
1418 3369 1695 3450 sagittas
1757 3368 2239 3433 architenenses
2306 3367 2618 3431 inutiliter
2679 3365 3051 3448 dirigerent,
3111 3380 3176 3430 et
3249 3371 3602 3432 reverenda

892 3511 1011 3555 sua
1054 3511 1215 3555 voce
1260 3489 1496 3553 animis
1540 3488 1801 3553 fervidis
1844 3489 2102 3553 addidit
2152 3489 2354 3572 ignes.
2481 3488 2558 3552 In
2618 3485 2929 3553 conflictu
2977 3486 3230 3550 sortiter
3287 3503 3598 3570 agentem

896 3631 1071 3675 mors
1104 3630 1231 3674 non
1264 3609 1471 3674 inulta
1505 3609 2121 3686 claromontanum,
2157 3628 2276 3674 nec
2308 3610 2727 3673 dedicionem
2761 3628 2879 3673 nec
2925 3606 3150 3690 sugere
3196 3609 3602 3690 dignantem,

892 3732 1088 3796 rebus
1118 3730 1423 3794 humanis
1454 3731 1725 3795 exemit.
1817 3730 1935 3794 Set
1984 3731 2169 3795 illum
2223 3731 2630 3794 Dawdenam
2677 3729 2978 3794 deditum
3017 3730 3226 3794 virtus
3257 3731 3602 3812 prevalens

891 3853 1193 3934 subegit3
1238 3850 1743 3934 willelmusque
1808 3851 2122 3932 Dowglas
2167 3851 2498 3916 sauciatus
2557 3851 2833 3934 abfugit.
2880 3871 3124 3934 paucos
3167 3870 3436 3934 quoque
3483 3871 3600 3916 sue

891 3975 1201 4041 comitive
1269 3971 1507 4038 Scotos
1574 3993 1723 4038 cum
1792 3972 2247 4038 Archicbaldo
2309 3972 2506 4038 fratre
2571 3992 2693 4038 suo
2761 3991 2982 4036 secum
3059 3971 3346 4036 reduxit.
3441 3971 3600 4036 Illos

774 4171 785 4180 ,
891 4097 1065 4162 enim
1111 4109 1306 4161 atrox
1355 4094 1532 4159 furor
1578 4095 1849 4158 bellicus
1902 4114 2134 4158 omncs
2194 4093 2326 4158 fere
2371 4094 2634 4170 delevit,
2678 4107 3061 4175 ceterosque
3105 4105 3377 4158 cunctos
3423 4093 3600 4156 illius

891 4217 1185 4284 custodie
1260 4217 1433 4279 viam
1511 4216 1737 4281 mortis
1802 4215 2075 4280 honeste
2141 4214 2248 4278 vel
2317 4213 2542 4297 fugam
2613 4214 3062 4288 necessariam.
3130 4213 3420 4298 demptis
3497 4234 3594 4276 re·
