4154 4895
966 284 1048 363 56
1855 288 1904 343 C
1905 286 2225 343 HRONIC
2225 287 2346 342 ΟΝ
2389 286 2495 341 CA
2505 286 2798 342 LFRID!

607 502 749 551 Am.
766 503 924 551 1⁸8⁴.
964 485 1232 550 terciam
1283 485 1618 569 respondit
1663 505 1734 551 se
1780 484 1978 550 fuisse
2024 485 2180 551 iuris
2223 484 2509 551 amicum
2556 495 2622 549 et
2671 484 2920 550 iusticie
2965 485 3349 559 communis,
3395 504 3512 549 nec
3561 505 3678 548 un·

962 627 1162 690 quam
1205 628 1323 691 per
1367 604 1799 673 affinitatem¹
1847 618 1964 673 aut
2002 607 2370 672 amiciciam
2416 605 2745 672 carnalem
2793 626 2835 670 a
2876 606 3149 681 iusticia,
3178 626 3381 690 quam
3419 606 3678 681 dilexit,

962 727 1462 805 declinaturum,
1508 740 1609 795 set
1661 749 1733 792 se
1779 728 1945 793 velle
1992 728 2116 793 viis
2159 740 2224 792 et
2272 727 2489 792 modis
2532 728 2773 809 quibus
2815 727 3008 792 sciret
3054 738 3166 791 aut
3215 740 3438 810 pom
3483 747 3679 811 super

959 869 1191 913 omnes
1254 851 1748 934 perturbatores
1811 849 1994 933 pacis
2056 848 2236 931 regni
2307 846 2659 928 ‚Scotorum
2726 868 2845 912 sue
2917 847 3393 932 persecucionis
3453 848 3679 931 iugum

960 990 1361 1053 aggravare3
1420 971 1621 1036 ‘Non
1672 965 1888 1047 enim,’
1944 970 2243 1053 inquiens
2297 968 2359 1033 in
2413 966 2543 1032 fine
2594 968 2932 1045 aerumnis,
2980 972 3158 1052 ‘pax
3211 968 3334 1033 erit
3389 968 3678 1053 perfecta

962 1088 1374 1167 Christiania,
1404 1103 1757 1175 antequam
1791 1111 1909 1155 rex
1951 1089 2242 1165 Fraude,
2275 1089 2338 1153 in
2378 1088 2598 1153 medio
2630 1088 2875 1171 Anglie
2913 1088 3276 1153 consistens
3312 1108 3433 1173 pro
3471 1089 3678 1153 tribu·

961 1211 1114 1289 nali,
1168 1232 1366 1295 super
1418 1232 1620 1295 regna
1680 1211 1973 1287 Francie,
2025 1208 2274 1294 Anglie
2328 1222 2395 1275 et
2459 1207 2689 1275 Scocie
2740 1210 2825 1273 sit
2886 1209 3086 1273 iudex
3151 1220 3218 1274 et
3281 1209 3678 1293 imperator!

610 1329 887 1460 ξέἒΰᾶῡῐ
963 1331 1083 1397 Isti
1117 1333 1489 1417 prophecie,
1524 1330 1759 1417 quam'
1799 1331 2241 1417 prophetavit,
2277 1351 2426 1396 cum
2470 1338 2641 1395 esset
2681 1351 2796 1394 rex
2839 1330 2992 1395 anni
3037 1330 3224 1407 illius,
3261 1350 3391 1396 non
3437 1331 3676 1396 adiecit

609 1464 755 1513 nous.
963 1453 1142 1538 loqui
1173 1466 1271 1519 set
1307 1454 1720 1537 indignanter
1749 1474 1820 1519 se
1856 1452 2189 1517 subtraxit
2226 1452 2498 1517 nuncius
2521 1450 2547 1487 ³
2577 1452 2662 1515 ad
2703 1451 2833 1516 alia
2867 1450 3291 1534 profecturus·

611 1584 825 1701 ιξάηνέἒ
1140 1575 1396 1640 Eodem
1444 1596 1618 1640 anno
1670 1596 1788 1639 rex
1842 1594 1918 1638 se
1971 1573 2302 1638 transtulit
2348 1593 2574 1637 versus
2619 1571 2981 1637 marchiam
3030 1570 3279 1648 Scocie,
3323 1584 3389 1637 et
3438 1572 3500 1635 in
3550 1572 3678 1638 illis

610 1717 862 1767 Samma
961 1694 1199 1760 finibus
1245 1696 1580 1761 hiemavit.
1673 1696 1811 1771 Set,
1849 1696 2082 1760 audito
2127 1695 2308 1778 quod
2356 1714 2579 1760 comes
2621 1693 2934 1759 Dasceles
2961 1691 2988 1730 ⁴
3015 1691 3134 1757 suit
3175 1694 3544 1777 prodiciooe
3586 1695 3674 1758 ad

610 1815 888 1931 ἒὲήξιᾛ
962 1815 1202 1881 Scotos
1233 1838 1584 1882 conversus
1611 1829 1677 1882 ct
1709 1817 1890 1901 quod
1921 1816 2230 1882 dominus
2265 1814 2589 1881 Henricus
2624 1815 2708 1879 de
2751 1813 2939 1879 Bello
2976 1826 3199 1880 monte
3236 1814 3354 1879 suit
3385 1836 3426 1879 a
3458 1814 3676 1880 Scotis

609 1956 660 1997 ιι
688 1947 815 1995 Rox-
960 1938 1286 2015 obsessus,
1320 1936 1624 2003 Scociam
1660 1938 1945 2013 intravit,
1975 1951 2039 2001 et
2072 1937 2484 2002 obsidionem
2530 1934 2678 2000 fecit
2710 1935 3040 2011 amoveri3
3084 1948 3151 2001 ct
3189 1935 3395 2001 tenuit
3433 1934 3676 2000 Natale

614 2013 789 2078 ''⁰¹⁸²'‘
959 2060 1140 2143 apud
1179 2058 1677 2124 Rokesborowh
1700 2058 1745 2120 ἦ.

611 2176 924 2304 *filli-{⁶-
1138 2178 1294 2245 Cito
1340 2192 1490 2264 post
1540 2179 1986 2264 Epiphaniam
2035 2180 2330 2245 tirannus
2369 2177 2771 2243 Francorum
2823 2178 2997 2242 misit
3046 2178 3182 2261 regi
3229 2177 3474 2262 Anglie
3519 2199 3674 2243 suos

613 2343 805 2393 Prmch
961 2301 1247 2375 nuncios,
1279 2301 1521 2366 scilicet
1563 2300 1949 2384 episcopum
1995 2300 2468 2365 Abricensem⁶
2497 2312 2561 2364 et
2594 2299 2951 2383 quemdam
2993 2300 3326 2373 baronem,
3361 2321 3482 2383 pro
3512 2320 3674 2383 pace

609 2424 796 2484 envoy·
960 2419 1357 2496 Scotorum3
1417 2421 1530 2506 qui
1587 2442 1791 2505 usque
1842 2423 1927 2488 ad
1984 2421 2159 2486 diem
2225 2420 2411 2486 Lune
2464 2421 2679 2485 medie
2732 2420 3252 2505 Quadragesime
3305 2420 3368 2485 in
3423 2419 3672 2504 Anglia

609 2485 844 2604 32⁶8?
956 2554 1409 2625 expectatunt.
1504 2542 1592 2607 Et
1639 2552 1794 2608 tunc
1837 2545 2017 2627 apud
2066 2542 2481 2626 Notingham
2527 2563 2836 2608 concesse
2882 2542 3140 2607 suerunt
3186 2552 3418 2626 treuge
3464 2564 3674 2626 unque

612 2623 831 2746 wem
956 2663 1041 2726 ad
1089 2662 1324 2726 festum
1371 2664 1576 2728 sancti
1628 2663 1942 2729 Iohannis
1978 2665 2292 2748 proximo
2327 2677 2482 2729 tunc
2520 2663 2830 2736 futurum,
2875 2674 2947 2728 ut
2995 2664 3252 2728 interim
3302 2662 3482 2728 ficret
3522 2685 3672 2749 par-

612 2737 877 2853 {3513-
960 2782 1342 2848 liamentum
1402 2805 1599 2868 super
1658 2786 1871 2850 causis
1926 2785 2352 2869 tangentibus
2416 2804 2647 2869 pacem
2706 2797 2770 2849 et
2827 2796 3071 2849 statum
3133 2806 3500 2868 regnorum.
3593 2784 3670 2849 In

610 2869 909 3009 ιέῗῖἑιωι
960 2924 1096 2987 quo
1127 2904 1574 2987 parliamento,
1605 2907 1781 2991 apud
1829 2905 2204 2971 Eboracum
2245 2906 2595 2981 celebrato,
2635 2905 2860 2969 extitit
2902 2905 3276 2971 ordinatum
3323 2907 3501 2988 quod
3549 2926 3670 2970 rex

608 3026 839 3075 nvork.
960 3044 1109 3089 cum
1169 3026 1461 3090 exercitu
1515 3025 1821 3091 Scociam
1878 3027 2050 3092 ultra
2107 3047 2286 3092 mare
2341 3027 2677 3091 Scoticum
2730 3026 3252 3109 transequitaret,
3304 3027 3484 3110 quod
3537 3026 3672 3092 cito

614 3143 849 3206 Negntia-
962 3157 1194 3229 postea
1237 3144 1356 3211 suit
1404 3145 1694 3220 sactum3
1754 3161 1853 3212 set
1912 3146 2118 3224 Scoti‚
2173 3161 2541 3231 campestre
2593 3146 2837 3211 bellum
2894 3145 3238 3211 nolentes'
3296 3159 3672 3231 expectare,

610 3210 889 3326 222⁰&
962 3264 1291 3331 finxerunt
1337 3287 1409 3332 ae
1448 3267 1616 3332 velle
1660 3288 1893 3351 pacem
1939 3269 2201 3344 habere,
2230 3269 2314 3333 ad
2357 3288 2558 3352 quam
2598 3267 2768 3332 circa
2809 3267 3046 3332 festum
3077 3267 3284 3332 sancti
3329 3266 3672 3333 Michaelis

961 3388 1148 3452 multi
1194 3401 1530 3464 venerunt,
1558 3401 1657 3454 set
1706 3391 2011 3474 precipue
2056 3410 2280 3454 comes
2329 3387 2695 3465 Dasceles⁸,
2726 3388 2871 3453 aliis
2917 3408 3147 3472 pacem
3195 3389 3672 3472 spernentibus.

966 3508 1163 3574 Unde
1205 3523 1437 3593 postea
1483 3530 1705 3575 comes
1749 3511 1834 3576 de
1884 3511 2173 3576 Morres⁹
2220 3512 2396 3595 apud
2451 3509 2893 3592 Edeneborgh
2919 3509 2967 3546 ¹⁰
3009 3509 3124 3574 suit
3157 3506 3462 3594 captus¹¹
3502 3523 3568 3574 et
3605 3510 3668 3574 in

959 3627 1208 3712 Anglia
1270 3632 1509 3696 mrceri
1566 3633 1991 3715 mancipatus,
2042 3644 2110 3697 et
2164 3633 2470 3697 dominus
2537 3632 2860 3697 Ricardua
2920 3630 3166 3696 Talbot
3229 3651 3351 3715 pro
3409 3633 3670 3696 duobu-

614 3757 777 3808 Denth
966 3752 1229 3816 milibus
1286 3764 1350 3816 et
1418 3753 1790 3835 quingentis
1853 3772 2218 3818 marcarum
2271 3755 2667 3838 redemptus.
2774 3751 3017 3816 Comes
3071 3772 3227 3817 vero
3287 3750 3650 3817 nuccio·

610 3823 898 3939 xxxam!
960 3873 1186 3938 volens
1232 3874 1578 3938 ostendere
1623 3875 1804 3958 quod
1852 3874 1990 3958 ipse
2035 3875 2349 3940 veraciter
2395 3874 2603 3939 suerat
2658 3892 3027 3948 conversus,
3069 3872 3386 3956 equitavit
3438 3887 3668 3939 eontra

1040 4067 1053 4096 '
1093 4067 1546 4124 affinitacionem.
1584 4070 1647 4126 C.
1760 4069 1778 4098 ¹
1816 4067 2088 4139 repeated.
2127 4069 2190 4124 C.
2451 4067 2468 4096 ¹
2509 4067 2742 4122 nunciis.
2783 4069 2846 4123 B.
2886 4069 2952 4124 C.
3073 4067 3094 4099 ⁸
3136 4069 3420 4126 Dnseles.
3458 4070 3526 4126 C.

1038 4152 1057 4182 ⁸
1098 4156 1489 4210 Roukesburh.
1526 4158 1593 4214 C.
1760 4155 1779 4184 ⁸
1824 4156 2206 4211 Ebricensem.
2246 4157 2310 4211 C.
2451 4153 2470 4184 ’
2511 4159 2774 4212 volentes.
2817 4157 2880 4212 B.
3091 4153 3111 4184 ¹
3147 4157 3492 4214 deAmloe.
3529 4159 3596 4214 C.

1038 4243 1059 4268 ’
1100 4244 1293 4298 Mores.
1335 4245 1397 4298 C.
1760 4243 1797 4274 ⁸⁰
1838 4244 2242 4310 Enedebuurg.
2283 4247 2346 4296 C.
2785 4243 2818 4274 ¹¹
2843 4245 2976 4314 suit
2997 4242 3217 4315 captus]
3243 4261 3348 4298 m.
3388 4245 3452 4301 C.
