4154 4895
1222 252 1334 307 LE
1390 252 1685 307 BAKER
1743 252 1863 306 DE
1920 248 2545 307 SWYNEBROKE.
3186 254 3228 324 5

526 458 628 520 set
661 468 779 515 nec
811 449 1037 528 evasit,
1067 449 1226 532 quin
1265 447 1701 512 contumelias
1743 458 1808 511 et
1851 468 2102 512 errores
2145 447 2282 531 ipse
2325 468 2445 510 rex
2492 446 2820 529 piissimus
2859 467 3093 529 passus
3132 454 3235 511 est

527 574 615 637 ab
647 572 781 636 ciis.
867 589 875 598 ·

703 692 907 757 Anno
941 691 1190 758 Christi
1226 690 1572 772 M.CCC.xj.,
1596 690 1767 755 circa
1789 688 2031 754 festum
2058 688 2452 754 Nativitatis
2480 689 2743 754 Ioannis
2769 688 3089 772 Baptiste,
3114 710 3234 774 pro

530 813 910 879 defensione
935 808 1197 900 P[etri]‚
1226 808 1522 900 P[etrus]
1552 822 1894 877 revocatus
1918 832 1955 874 a
1977 821 2195 875 castro
2220 812 2304 874 de
2329 806 2773 898 B[amborgh]
2801 812 3235 876 committitur

531 935 830 1000 custodie
859 933 1188 999 Adomari
1235 935 1318 999 de
1347 933 1657 1012 Valence,
1702 933 1962 997 comitis
2006 932 2430 1010 Penbrochie,
2472 933 2752 997 adiurati
2797 952 3021 998 coram
3064 953 3252 1016 rege,

533 1057 829 1138 inspecto
874 1066 1105 1120 sancto
1150 1066 1529 1120 sanctorum
1575 1063 1991 1119 sacramento
2035 1053 2283 1130 altariS,
2329 1054 2507 1135 quod
2556 1054 2769 1138 ipsum
2816 1054 3236 1136 indempnem

533 1187 860 1259 quatenus
907 1186 1132 1259 posset
1179 1188 1408 1241 contra
1462 1196 1694 1241 omnes
1747 1176 2153 1240 adversarios
2204 1195 2358 1238 suos
2416 1176 2778 1239 custodiret
2839 1176 2925 1239 ad
2987 1185 3239 1240 certum

533 1308 816 1381 tempuS,
848 1297 1011 1362 citra
1045 1299 1225 1380 quod
1275 1297 1658 1363 intendebat
1707 1318 1826 1361 rex
1871 1294 2039 1360 alico
2085 1295 2284 1360 modo
2328 1296 2593 1360 Petrum
2634 1295 2816 1378 regni
2863 1296 3241 1377 proceribus

535 1417 1007 1484 reconciliasse.
1097 1418 1220 1483 Set
1273 1418 1474 1482 fidem
1529 1419 1774 1483 invidia
1829 1418 1997 1482 inter
2049 1437 2309 1482 summa
2360 1415 2690 1481 lacescens
2742 1427 2809 1482 et
2863 1437 3052 1481 amor
3102 1416 3242 1501 pla-

535 1540 724 1604 cendi
771 1540 1047 1604 inimicis
1091 1540 1267 1603 Petri
1311 1550 1598 1604 tutorem
1641 1540 1842 1623 ipsius
1887 1549 2117 1603 contra
2162 1538 2601 1601 iuramentum
2649 1538 2714 1601 in
2761 1537 3240 1622 negligenciam

535 1662 980 1726 abduxerunt.
1074 1659 1400 1725 Duciturl
1456 1663 1730 1725 tandem
1792 1660 2023 1724 Petrus
2070 1680 2206 1741 quo
2251 1679 2382 1722 non
2427 1657 2627 1724 vellet
2687 1679 2805 1741 per
2849 1658 3238 1724 familiarem

538 1781 867 1845 inimicum
936 1781 1001 1844 in
1064 1783 1351 1845 mediam
1416 1791 1815 1865 potestatem
1879 1781 2316 1853 inimicorum,
2379 1781 2443 1843 in
2509 1780 2873 1843 manerium
2931 1780 3242 1844 videlicet

538 1902 974 1977 Dathintone,
1029 1923 1160 1985 que
1207 1913 1305 1967 est
1356 1904 1525 1967 inter
1584 1901 1926 1968 Oxoniam
1983 1912 2050 1965 et
2106 1900 2473 1982 &Varewyc,
2534 1901 2646 1963 ubi
2709 1921 2828 1965 nec
2891 1899 3239 1965 latibulum

538 2022 832 2089 naturale
861 2044 982 2088 nec
1011 2034 1299 2087 castrum
1332 2034 1445 2087 aut
1484 2024 1970 2087 munimentum
2002 2021 2271 2105 aliquod
2315 2020 2648 2089 artificiale
2691 2032 2916 2105 posset
2947 2044 2987 2087 a
3018 2021 3241 2087 vicini-

538 2154 680 2209 tate
723 2145 982 2209 comitis
1022 2143 1368 2227 Warewyc
1414 2140 1747 2232 P[etrum]
1796 2154 2233 2226 sequestrare.
2322 2143 2707 2208 Adomarus
2751 2154 2944 2207 nocte
2974 2144 3059 2207 ab
3097 2143 3243 2227 ipso

542 2264 736 2328 Petro
782 2265 1065 2342 recessit,
1110 2274 1178 2329 et
1224 2264 1289 2328 in
1334 2286 1571 2329 aurora
1618 2259 1904 2351 G[uido]
1952 2263 2300 2345 Warewyc
2345 2284 2497 2328 cum
2558 2264 2870 2328 comitiva
2932 2264 3242 2328 mediocri

540 2396 607 2451 et
655 2385 918 2450 hutesio
971 2386 1267 2451 accessit.
1359 2379 1692 2474 P[etrum]
1745 2405 2014 2468 quoque
2064 2386 2338 2450 ductum
2391 2386 2478 2450 ad
2533 2396 2822 2450 castrum
2869 2383 3245 2469 Warewyk,

539 2506 768 2571 habita
816 2506 1291 2571 deliberacione
1350 2528 1501 2571 cum
1560 2506 1823 2570 Thoma
1875 2507 2119 2571 comite
2169 2506 2555 2571 Lancastrie
2607 2518 2677 2572 et
2730 2507 2969 2571 comite
3031 2506 3246 2571 Here-

541 2627 769 2702 fordie,
832 2628 898 2691 in
962 2628 1254 2710 ipsorum
1307 2638 1663 2711 conspectu
1719 2629 1785 2691 in
1834 2628 1978 2692 loco
2032 2629 2148 2713 qui
2203 2628 2441 2693 dicitur
2495 2627 2886 2692 Caveresich
2941 2628 3085 2692 xix.
3138 2628 3247 2692 die

545 2751 787 2814 mensis
822 2747 1040 2812 Iunii²
1086 2749 1243 2813 fecit
1284 2749 1688 2833 decapitari3
1737 2750 1919 2815 cuius
1967 2769 2205 2833 corpus
2250 2750 2314 2812 in
2360 2750 2635 2814 ecclesia
2681 2749 2953 2814 fratrum
2996 2750 3246 2815 ordinis

546 2870 1039 2935 Predicatorum
1071 2870 1156 2934 de
1189 2870 1507 2960 LangliPe
1539 2891 1660 2935 rex
1691 2870 2049 2935 honorifice
2081 2871 2417 2936 commisit
2448 2871 2802 2955 sepulture.

718 2991 980 3055 Eodem
1013 3011 1185 3055 anno
1216 3013 1390 3075 papa
1424 2990 1732 3055 Clemens
1762 3013 1821 3057 v.
1853 2992 2211 3056 celebravit
2243 2992 2594 3057 concilium
2625 2993 3003 3058 Viennense
3027 2993 3245 3076 primo

544 3112 655 3176 die
700 3112 944 3176 mensis
991 3113 1303 3178 Octobris
1353 3114 1687 3177 incoatum
1734 3124 1803 3178 et
1848 3114 2145 3195 adusque
2209 3115 2643 3179 Pentecosten
2706 3115 3127 3198 protelatum,
3182 3116 3247 3178 in

544 3254 679 3316 quo
719 3234 1110 3316 dampnavit
1150 3234 1450 3298 ordinem
1494 3233 2046 3318 Templariorum,
2091 3256 2245 3317 rege
2289 3235 2565 3299 Francie
2610 3235 2918 3320 Philippo
2961 3237 3142 3301 dicto
3182 3235 3245 3299 le

547 3353 741 3418 Beals
771 3366 1079 3437 presente
1110 3365 1179 3420 et
1212 3356 1276 3419 id
1312 3364 1724 3438 procurante,
1754 3356 1870 3438 qui
1900 3356 2205 3419 odiosum
2243 3357 2477 3420 habuit
2512 3357 2896 3439 magistrum
2931 3376 3245 3439 magnum

549 3476 810 3551 ordinis,
857 3486 1127 3558 propter
1171 3475 1614 3560 importunam
1664 3478 1945 3560 pecunie
1988 3478 2417 3542 exaccionem
2462 3498 2665 3561 quam
2710 3478 2831 3540 sibi
2878 3498 2998 3561 pro
3054 3478 3247 3541 mari-

547 3598 729 3679 tagio
786 3595 1102 3660 Ysabelle
1154 3596 1285 3660 filie
1336 3617 1455 3660 sue
1514 3598 1740 3679 regine
1799 3596 2051 3681 Anglie
2109 3598 2444 3681 quondam
2506 3599 3036 3663 accommodavit
3095 3618 3250 3681 pro-

546 3716 838 3781 vincialis
886 3716 1160 3781 Francie
1206 3717 1474 3800 primus·
1567 3718 1784 3801 Supra
1829 3719 2137 3802 sperabat
2178 3740 2376 3783 unum
2423 3721 2507 3784 de
2549 3718 2700 3784 filiis
2737 3719 2870 3783 suis
2915 3720 2980 3783 in
3025 3739 3248 3802 regem

551 3837 1146 3902 lerosolimitanum
1210 3838 1656 3903 coronandum
1717 3839 1893 3902 idem
1958 3860 2076 3904 rex
2150 3839 2514 3923 Philippus,
2575 3840 2917 3903 ditandum
2978 3860 3249 3923 quoque

548 3959 794 4043 prediis
823 3959 1370 4023 destruendorum
1405 3958 1687 4023 militum
1724 3961 1959 4044 templi
1993 3960 2143 4025 Dei.
2233 3959 2327 4024 Et
2356 3960 2480 4025 hac
2508 3961 2853 4025 occasione
2883 3961 3248 4043 predictum

550 4080 935 4163 magistrum
980 4078 1277 4162 aliosque
1340 4079 1587 4145 multos
1643 4080 1814 4145 illius
1877 4081 2129 4146 ordinis
2193 4102 2396 4164 regno
2456 4102 2578 4145 suo
2639 4083 3034 4148 constitutos
3095 4103 3248 4166 pro-

1080 4212 1099 4246 ¹
1141 4216 1328 4272 Ducit.
1371 4217 1434 4271 B.
2253 4217 2274 4250 ²
2315 4217 2575 4273 Ianuarii.
2614 4220 2700 4273 B..

3275 458 3417 507 Am.
3443 458 3588 507 1811.

3275 710 3416 758 Aa).
3433 709 3588 757 1312.

3340 800 3380 848 1.
3399 801 3521 847 100.

3275 897 3353 947 Ca
3391 906 3497 947 ture

3276 980 3339 1013 an
3397 962 3549 1012 death

3277 1028 3336 1077 os
3353 1028 3542 1078 Gaves-

3277 1102 3381 1144 ton.

3285 3005 3497 3057 Council
3522 3005 3581 3056 of

3286 3073 3492 3123 Vienne.

3286 3138 3538 3188 Condem-

3283 3203 3451 3253 nation
3475 3202 3534 3251 os

3282 3270 3367 3319 the

3285 3332 3564 3399 Templars.
