4154 4895
950 288 975 336 1
989 288 1075 355 30
1839 276 1887 332 C
1888 275 2209 333 HRONIC
2209 275 2329 333 ΟΝ
2370 274 2778 331 GALFRIDI

596 487 906 541 masso.
942 474 1077 541 alii.
1170 472 1362 551 Item,
1405 471 1718 539 dominus
1768 472 2106 539 Iohannes
2152 474 2241 539 de
2294 472 2537 551 Insula,
2587 474 2675 540 ad
2729 471 3128 539 fortalicium
3173 472 3260 537 de
3312 470 3659 554 Astanges

652 578 853 592 —
944 615 1097 663 cum
1129 593 1430 679 quarello
1473 594 1828 667 sauciatus,
1859 595 2026 660 obiit
2058 595 2170 660 die
2201 594 2499 679 sequenti
2541 594 2628 661 ad
2673 613 2985 677 magnam
3024 593 3356 660 exercitus
3394 592 3656 656 desola-

605 718 898 785 ¹⁴-160ct.
950 715 1210 782 cionem
1238 712 1278 781 ¹.
1398 714 1656 781 Diebus
1717 714 2077 780 Mercurii²
2138 726 2205 781 et
2268 715 2445 781 Iovis
2505 716 3042 800 perendinarunt‚
3101 724 3168 780 et
3221 714 3332 779 die
3377 711 3660 777 Veneris

606 849 664 904 ¹7
823 874 857 901 η
949 857 1174 904 coram
1206 835 1363 901 villa
1393 834 1545 901 sorti
1578 836 1664 901 de
1696 835 2005 921 Logeron
2036 836 2104 901 in
2137 837 2438 902 tentoriis
2469 837 2915 904 morabantur.
3006 834 3310 902 Sabbato
3337 842 3660 898 venerunt

951 958 1037 1025 ad
1075 958 1404 1033 Plasence,
1434 956 1660 1022 villam
1706 957 2001 1043 pulcram
2046 968 2117 1023 et
2154 956 2431 1035 sortem3
2477 958 2664 1023 cuius
2702 977 2937 1022 omnes
2975 955 3185 1021 incole
3228 954 3558 1040 sugerunt,
3587 964 3660 1019 et

952 1078 1020 1145 in
1079 1087 1299 1144 castro
1348 1077 1611 1143 fuerunt
1659 1077 1838 1161 capti
1897 1098 2125 1144 comes
2177 1079 2262 1144 de
2320 1076 2654 1143 Molasin³
2707 1088 2776 1144 et
2827 1098 2979 1143 cum
3034 1098 3122 1145 eo
3169 1077 3365 1142 multi
3411 1076 3660 1140 milites

948 1207 1152 1283 atque
1224 1196 1559 1265 domicelli
1635 1219 1754 1283 per
1810 1199 2237 1282 capitaneum
2306 1201 2393 1265 de
2461 1199 2678 1265 Bosco
2737 1209 2804 1263 et
2864 1200 3209 1264 dominum
3273 1199 3358 1262 de
3423 1197 3660 1261 Monte

610 1321 668 1369 ¹8
822 1357 858 1379 η
953 1316 1272 1385 fex-ando⁴
1318 1330 1386 1384 et
1420 1319 1648 1383 Adam
1695 1319 1783 1384 de
1830 1318 2170 1393 Lowches‚
2212 1321 2449 1385 eodem
2497 1321 2608 1386 die
2654 1320 2930 1386 militem
2980 1320 3211 1403 primo.
3307 1318 3660 1383 Dominica

952 1441 1155 1507 tercia
1175 1439 1220 1517 ὅ,
1261 1440 1370 1504 die
1421 1441 1631 1505 sancti
1680 1439 1862 1505 Luce
1910 1440 2371 1524 Ewangeliste‚
2418 1442 2954 1526 perendinarunt,
2999 1451 3068 1506 et
3121 1439 3513 1504 fortalicium
3573 1438 3662 1501 de

613 1581 671 1633 Ι9
826 1605 858 1629 ..
952 1559 1193 1627 Galian
1220 1560 1246 1598 ⁸
1279 1581 1429 1626 cum
1470 1561 1716 1626 insultu
1763 1569 2222 1645 expugnatum
2264 1574 2766 1628 concremarunt
2797 1560 2844 1623 ⁷.
2938 1560 3070 1625 Die
3116 1560 3326 1631 Luue,
3360 1560 3661 1625 immisso

955 1683 1109 1767 igne
1138 1682 1292 1747 ville
1322 1682 1408 1747 de
1456 1681 1773 1746 Plazense
1796 1682 1840 1759 ⁸,
1872 1682 2276 1767 reliquerunt
2312 1704 2353 1748 a
2382 1683 2640 1748 dextris
2676 1682 2901 1747 villam
2938 1683 3024 1747 de
3065 1680 3222 1745 Beal
3257 1680 3546 1746 marchie
3591 1694 3660 1743 ct

951 1801 1374 1887 hospitamnt
1418 1823 1642 1869 coram
1688 1802 1844 1867 villa
1894 1803 2372 1886 archiepiscopi
2419 1803 2551 1869 de⁹
2607 1803 2816 1879 Ause,
2866 1814 3102 1869 vocata
3155 1801 3218 1867 le
3273 1800 3524 1873 Bassez
3592 1814 3664 1865 et

955 1924 1085 1989 isto
1128 1925 1238 1989 die
1266 1924 1579 1988 dominus
1626 1923 1949 1990 Ricardus
1990 1926 2076 1990 de
2123 1922 2438 2001 stafford,
2468 1944 2824 2008 germanus
2858 1923 3121 1989 comitis
3150 1924 3237 1987 de
3257 1919 3312 1961 ¹⁰
3343 1921 3664 1993 stafford.

610 2065 674 2103 ιο
827 2087 860 2111 ,.
954 2044 1172 2128 primo
1201 2044 1287 2109 ad
1320 2043 1637 2109 vexillum
1670 2064 1828 2109 suos
1857 2045 2073 2110 duxit.
2167 2045 2298 2110 Die
2334 2045 2569 2109 Martis
2603 2045 2898 2129 predicta
2927 2044 3083 2108 villa
3131 2042 3252 2108 suit
3296 2044 3542 2119 dedita,
3572 2054 3665 2115 et.

954 2165 1112 2247 quia
1164 2164 1481 2250 pertinuit
1528 2175 1756 2231 sancte
1804 2166 2098 2242 ecclesie,
2149 2166 2454 2250 princeps
2515 2186 2647 2231 non
2707 2165 3006 2250 permisit
3064 2164 3349 2248 aliquem
3420 2165 3664 2229 intrare

958 2294 1382 2369 preterquam
1416 2306 1731 2369 personas
1759 2296 1975 2352 certas
2020 2287 2362 2352 ordinatas
2406 2286 2492 2351 ad
2541 2286 3002 2351 liberacionem
3034 2284 3438 2351 victualium.
3531 2285 3666 2349 Die

616 2432 668 2469 ιι
833 2455 864 2478 ..
960 2405 1272 2472 Mercurii
1302 2406 1691 2472 dimiserunt
1722 2427 1762 2472 a
1794 2407 2074 2473 sinistris
2119 2407 2415 2492 pulcram
2462 2406 2688 2473 villam
2735 2408 2821 2474 de
2871 2403 3297 2473 Escamont¹¹
3350 2419 3417 2474 ct
3461 2427 3662 2473 vene-

960 2536 1113 2592 runt
1137 2525 1189 2565 ¹²
1218 2548 1441 2594 coram
1474 2528 1630 2593 villa
1662 2528 1865 2593 nobili
1911 2529 1998 2594 de
2045 2527 2371 2606 Mirande,
2402 2529 2488 2595 de
2529 2530 2827 2595 dominio
2865 2529 3128 2595 comitis
3167 2528 3254 2594 de
3299 2525 3665 2612 comenge,

962 2647 1158 2732 plena
1201 2649 1356 2713 viris
1398 2668 1774 2727 armorum3
1825 2660 1892 2714 et
1938 2649 2244 2733 princeps
2288 2651 2708 2734 ospitabatur
2754 2651 2819 2714 in
2868 2650 3271 2715 monasterio
3299 2651 3530 2732 grandi
3577 2651 3664 2714 de

965 2767 1305 2844 Benoues,
1357 2770 1608 2835 ordinis
1669 2769 2142 2848 cisterciensis,
2196 2771 2260 2835 in
2321 2791 2456 2854 quo
2508 2771 2726 2836 nullus
2783 2772 3010 2836 vivens
3068 2769 3280 2836 suerat
3342 2783 3662 2855 repertus.

618 2914 675 2948 aa
836 2936 867 2956 ..
967 2889 1095 2954 Die
1129 2889 1307 2955 Iovis
1339 2891 1871 2982 perendinarunt‚
1903 2891 2061 2955 nihil
2097 2891 2252 2956 mali
2286 2893 2584 2976 predicto
2621 2893 3025 2957 monasterio
3066 2890 3439 2956 inserentes.
3535 2891 3664 2955 Die

618 3036 679 3086 2³
835 3059 867 3080 ..
960 3010 1239 3075 Veneris
1285 2989 1590 3077 eicierunt
1634 3011 1946 3087 nobilem,
1983 3011 2280 3097 pulcram
2321 3024 2386 3077 et
2424 3013 2698 3079 divitem
2754 3013 3034 3096 patriam
3090 3011 3541 3095 Darmynakz
3595 3025 3664 3078 et

962 3132 1286 3198 intrarunt
1318 3133 1601 3217 patriam
1634 3143 1938 3198 vocatam
1973 3133 2290 3198 Astarike
2313 3130 2382 3208 ¹³.
2415 3155 2533 3219 per
2577 3154 2778 3218 quam
2818 3134 3135 3198 transitus
3179 3144 3322 3197 erat
3362 3132 3666 3202 difficilis.

959 3263 1142 3319 artus
1185 3263 1253 3319 et
1301 3265 1708 3328 montuosus,
1738 3265 1806 3319 et
1851 3254 2122 3337 ospitati
2169 3255 2255 3318 ad
2303 3254 2602 3320 Saxante
2641 3256 2886 3326 villam.
2918 3263 3145 3319 contra
3191 3253 3662 3337 proibicionem

886 3447 915 3474 Ο
963 3375 1265 3459 preconis
1298 3375 1671 3459 principalis
1705 3375 2057 3440 incensam.
2155 3375 2274 3438 Per
2321 3376 2498 3440 illam
2544 3377 2792 3441 dietam
2825 3387 2892 3441 et
2934 3386 3070 3440 tres
3109 3374 3274 3438 alias
3313 3387 3668 3458 sequentes

621 3521 679 3567 η
837 3542 868 3562 ..
962 3496 1360 3561 transierunt
1393 3496 1579 3560 iuxta
1611 3495 1821 3560 celsos
1868 3505 2128 3560 montes
2168 3495 2639 3580 Arrogonieu.
2731 3496 2858 3560 Die
2901 3495 3164 3560 sabbati
3209 3505 3530 3559 venerunt
3575 3497 3662 3560 ad

962 3616 1189 3682 villam
1221 3617 1308 3681 de
1339 3615 1528 3682 Seint
1554 3615 1606 3654 ¹³
1642 3616 1881 3692 Morte,
1916 3617 2024 3679 ubi
2059 3616 2123 3681 in
2155 3616 2388 3699 grandi
2425 3619 2828 3682 monasterio
2860 3617 3194 3700 nigrorum
3227 3634 3662 3680 monacorum

965 3736 1342 3820 fugatorum
1412 3738 1941 3812 retro—custodia,
2003 3746 2071 3802 et
2137 3739 2316 3821 apud
2387 3735 2914 3803 Villesraunke¹⁸
2980 3733 3293 3810 median.
3351 3749 3420 3800 et
3485 3737 3662 3820 apud

1040 3888 1053 3919 ⁸
1093 3888 1338 3946 ddo'em.
1380 3891 1443 3944 Β.
1584 3887 1607 3922 ’
1650 3889 1871 3945 Martis.
1900 3889 1999 3954 C.;
2036 3889 2259 3943 altered
2278 3889 2597 3961 later-from
2627 3891 2844 3946 Martis.
2889 3889 2952 3944 Β.
3129 3884 3150 3920 ⁸
3191 3886 3490 3956 Mohsym
3530 3887 3595 3942 C.

1039 3978 1060 4006 ‘
1103 3979 1303 4033 Mount
1328 3977 1578 4033 seranda
1617 3979 1681 4034 C.
1896 3973 1918 4006 ⁸
1956 3993 2064 4030 one.
2109 3978 2168 4030 Β.
2385 3977 2406 4006 ⁴
2444 3980 2681 4046 Galyan.
2721 3979 2786 4035 C.
3012 3971 3036 4004 ’
3071 3985 3484 4030 conservarunt.
3525 3975 3590 4030 C.

1038 4065 1057 4090 ⁸
1100 4066 1380 4121 pinnense.
1419 4064 1484 4121 C.
1768 4063 1789 4092 ’
1824 4079 1930 4116 σπι.
1971 4065 2035 4120 C.
2322 4063 2362 4095 ¹⁹
2397 4082 2504 4118 om.
2547 4067 2609 4120 B.
2897 4061 2932 4096 ¹¹
2977 4063 3336 4117 Emmonnt.
3374 4063 3439 4116 C.

1041 4151 1079 4182 ⁸¹
1114 4150 1495 4223 nvenerunt]
1523 4168 1628 4204 om.
1670 4153 1733 4206 C.
2046 4149 2086 4180 ²³
2125 4151 2416 4220 Amryke.
2457 4153 2521 4208 C.
2833 4149 2874 4180 ⁸⁴
2911 4149 3236 4218 Amgonie.
3274 4149 3340 4204 C.

1042 4237 1079 4269 ⁸⁵
1119 4241 1310 4308 Seynt.
1352 4240 1413 4294 C.
1842 4237 1881 4268 ¹⁸
1920 4237 2274 4292 villefraunc.
2317 4241 2380 4294 C.
2813 4233 2850 4266 ¹²
2888 4237 3089 4292 medie.
3130 4237 3194 4292 C.
