4154 4895
937 250 1019 314 86
1805 260 1854 315 C
1854 258 2178 317 HRONIC
2177 259 2299 317 ΟΝ
2339 258 2756 316 GALFRID!

580 452 897 503 ΑᾸΜΜΟ·
934 452 996 516 in
1055 452 1360 531 crastino,
1423 474 1620 538 super
1677 453 1884 520 altare
1935 454 2250 520 viaticum
2315 453 2514 519 missa
2558 454 2644 520 de
2693 453 3013 538 Requiem
3061 466 3128 519 et
3174 455 3320 521 aliis
3365 456 3639 541 privatis

646 711 836 762 tm.

577 1191 807 1316 moe

575 1324 768 1389 45η»

577 1438 857 1492 'nn-snm

576 1506 757 1557 invade

578 1571 823 1638 ειιςιωι

569 2993 650 3043 {4³
569 2826 657 2941 εῖν

569 2759 870 3046 ἓξὲξ,

568 3058 805 3175 «κείω»,

706 3140 739 3176 0

928 572 1290 651 celebratis,
1342 574 1546 642 ducto
1595 595 1816 641 secum
1877 594 2155 660 corpore
2201 574 2440 641 nobilis
2500 575 2671 659 regis
2736 575 3025 651 Boemie,
3077 577 3472 642 transierunt
3523 598 3642 662 per

932 696 1400 763 monasterium
1426 698 1510 762 dc
1537 694 2000 781 Mounteneye‚
2022 708 2091 761 et
2123 695 2234 762 die
2260 696 2498 762 Martis
2520 697 2820 781 sequenti
2848 717 2964 781 per
2984 717 3188 763 unum
3213 697 3462 764 malum
3485 720 3638 784 pas·

926 818 1185 902 sagium
1222 820 1306 884 ad
1338 817 1562 883 villam
1608 818 1694 883 de
1740 817 2169 903 Mounteney‚
2199 829 2266 883 ct
2310 818 2554 884 exinde
2597 820 2683 883 ad
2726 817 3074 884 abbaciam
3109 820 3197 885 de
3233 818 3420 885 Seint
3463 820 3636 885 loce.

931 938 1187 1015 Postea,
1232 950 1679 1023 pretereuntes
1722 940 1967 1004 vadum
2015 940 2375 1023 quoddam,
2420 941 2505 1004 ad
2557 938 2822 1005 Novum
2875 950 3162 1006 castrum
3215 942 3638 1013 devenerunt.

928 1060 1039 1124 ubi
1098 1060 1426 1125 demorati
1486 1059 1746 1125 duobus
1803 1060 2054 1137 diebuS,
2099 1059 2343 1125 exinde
2386 1070 2702 1126 venerunt
2749 1058 3099 1137 Calesiam,
3143 1080 3344 1145 quam
3407 1062 3634 1127 statim

927 1180 1272 1246 obsidione
1301 1180 1727 1256 vallaverunt,
1752 1192 1989 1264 quarto
2019 1181 2129 1246 die
2161 1179 2593 1265 Septembris,
2616 1200 2792 1246 anno
2823 1180 3005 1265 regni
3039 1181 3210 1266 regis
3239 1182 3488 1267 Anglie
3514 1204 3637 1249 xx.

927 1312 992 1367 et
1038 1323 1080 1368 a
1122 1313 1483 1386 conquestu
1534 1301 1807 1367 Francie
1852 1302 2157 1386 septimo.

1105 1422 1458 1501 Edwardo,
1491 1422 1617 1487 Dei
1660 1422 1882 1507 gracia
1928 1443 2081 1507 rege
2115 1421 2363 1506 Anglie
2405 1435 2472 1488 et
2523 1422 2794 1489 Francie
2827 1436 3278 1508 conquestore,
3309 1424 3634 1510 inexpug-

929 1540 1214 1609 nabilem
1246 1543 1470 1609 villam
1506 1546 1593 1609 de
1631 1542 1871 1628 Caleys
1900 1544 2264 1620 obsidente,
2296 1544 2474 1610 misit
2513 1544 2807 1609 tirannus
2844 1544 3248 1611 Francorum
3287 1546 3373 1611 ad
3415 1546 3633 1612 David

928 1686 1146 1749 regem
1210 1664 1560 1731 Scotorum
1629 1685 1943 1747 magnum
2005 1685 2349 1730 numerum
2417 1665 2840 1731 Ianuencium
2907 1674 2974 1731 et
3043 1666 3323 1733 aliorum
3384 1667 3631 1752 stipen-

923 1787 1303 1863 diariorum,
1350 1786 1563 1871 ipsum
1609 1797 1924 1851 exortans
1969 1807 2086 1871 per
2136 1807 2288 1851 suas
2342 1785 2560 1851 literas
2609 1788 2790 1869 quod
2835 1784 3176 1871 Angliam,
3225 1808 3345 1853 sua
3391 1788 3634 1853 milicia

922 1920 987 1972 et
1044 1908 1196 1972 viris
1242 1906 1584 1981 bellicosis,
1631 1918 1701 1971 ut
1747 1907 1942 1982 dixit,
1985 1919 2392 1985 evacuatam,
2439 1907 2691 1972 sortiter
2741 1909 3209 1991 aggrederetur
3253 1910 3634 1994 depredare,

923 2041 1138 2095 castra
1181 2040 1247 2093 et
1295 2029 1695 2094 municiones
1736 2048 2140 2113 expugnare,
2177 2039 2245 2093 et
2291 2030 2374 2094 ad
2423 2050 2579 2094 suos
2623 2050 2776 2093 usus
2821 2049 3166 2105 reservare,
3213 2042 3283 2094 ut
3329 2030 3494 2094 alias
3541 2030 3630 2093 illi

921 2152 1060 2216 duo
1124 2149 1318 2214 simul
1370 2149 1493 2214 sibi
1554 2161 1766 2215 totam
1821 2149 2140 2234 Angliam
2193 2171 2276 2215 eo
2336 2150 2587 2216 facilius
2639 2150 3082 2233 subiugarent.
3177 2151 3406 2234 Igitur,
3461 2152 3632 2217 circa

924 2270 1161 2336 festum
1208 2271 1414 2335 sancti
1464 2269 1765 2346 Dionisii,
1811 2291 1929 2335 rex
1985 2270 2338 2337 Scotorum
2398 2271 2615 2336 David
2669 2292 2820 2337 cum
2875 2272 3183 2356 potencia
3241 2271 3508 2337 Scotica
3563 2286 3630 2337 et

922 2391 1362 2478 stipendiariis
1412 2392 1537 2457 sibi
1592 2391 1803 2457 missis
1856 2392 2219 2476 ingreditur
2271 2391 2611 2476 Angliam,
2662 2391 3006 2458 dimittens
3059 2391 3458 2459 Berewicum
3514 2412 3632 2478 per

923 2514 1245 2598 Anglicos
1296 2513 1657 2579 defensum.
1747 2514 2070 2590 Tandem,
2118 2527 2464 2599 peragrata
2520 2513 2759 2579 foresta
2804 2513 3124 2579 Alnewici
3170 2526 3237 2579 et
3290 2515 3633 2581 adiacente

923 2636 1137 2720 patria
1189 2637 1567 2720 depredata,
1612 2648 2079 2720 oppugnarunt
2125 2637 2464 2718 quoddam
2516 2635 2878 2701 manerium
2925 2633 3217 2700 domini¹
3265 2637 3352 2702 de
3397 2634 3632 2710 wake,

921 2769 1230 2823 vocatum
1279 2757 1633 2822 Ludedew.
1725 2756 2096 2822 Predictum
2145 2757 2360 2822 locum
2409 2777 2526 2841 per
2569 2769 2834 2841 tempus
2877 2757 3130 2841 aliquot
3177 2768 3406 2823 contra
3453 2758 3632 2843 ipsos

921 2879 1319 2945 defendebat
1377 2880 1685 2944 dominus
1747 2877 2100 2944 Gualterus
2144 2881 2229 2944 de
2275 2877 2539 2961 Sclcby.
2585 2877 2772 2941 miles
2814 2898 3055 2960 magne
3100 2879 3470 2963 probitatis,
3515 2881 3629 2964 qui

922 3003 1211 3076 tandem,
1243 3000 1417 3066 mole
1457 2999 1809 3066 Scotorum
1840 3013 2127 3072 coactus,
2156 2999 2386 3065 victori
2419 3021 2489 3063 se
2519 2999 2805 3064 reddidit
2838 3020 2960 3083 pro
2991 3001 3442 3083 redemptione
3471 3021 3627 3066 con·

920 3123 1299 3196 servandus,
1358 3121 1471 3205 qui
1521 3142 1671 3185 eum
1724 3121 1787 3185 in
1837 3121 2152 3204 graciam,
2202 3140 2384 3184 more
2445 3121 2710 3186 victoris
2768 3122 2856 3185 de
2917 3120 3054 3184 iure
3109 3121 3376 3186 militari
3438 3121 3630 3184 bellis

921 3242 1204 3309 Scoticis
1247 3253 1446 3326 atque
1492 3240 1763 3307 Gallicis
1812 3243 2075 3319 usitato,
2123 3235 2428 3329 [cepit²].
2535 3239 2691 3305 Vite
2738 3239 2907 3304 illius
2951 3253 3228 3325 captura
3270 3243 3356 3306 ad
3409 3241 3626 3306 David

919 3365 1233 3430 noticiam
1265 3362 1597 3438 ventilata,
1632 3363 1892 3427 iubetur
1934 3362 2147 3428 occidi
2187 3361 2356 3426 illius
2396 3361 2809 3426 miserentem
2847 3372 3050 3445 atque
3095 3362 3626 3446 redemptionem

918 3486 1358 3552 affectantem.
1452 3484 1952 3569 Deprecabatur
2004 3494 2077 3549 ut
2131 3484 2217 3549 ad
2274 3483 2491 3548 David
2547 3495 2972 3567 conspectum
3020 3484 3207 3547 vivus
3259 3485 3626 3550 duceretur.

990 3683 1005 3715 ¹
1043 3685 1288 3740 domine.
1344 3685 1405 3738 Β.

986 3770 1009 3803 ⁸
1048 3773 1357 3826 Gnalems
1382 3810 1396 3825 .
1423 3809 1437 3825 .
1463 3810 1477 3825 .
1501 3766 1688 3842 cepit]
1770 3769 1904 3825 nis
1926 3773 2169 3841 passage
2191 3771 2243 3824 is
2265 3771 2331 3823 εἰσ
2356 3775 2511 3823 atter
2529 3768 2824 3840 confusion
2855 3769 2920 3821 εἰσ
2957 3768 3039 3830 13..
3055 3767 3330 3839 probably
3353 3770 3550 3840 etin(
3569 3777 3630 3824 eo

914 3879 953 3914 a
966 3865 1111 3932 pert
1131 3860 1202 3931 os
1212 3863 1263 3914 it
1284 3859 1507 3928 leaving
1534 3861 1661 3912 hcm
1696 3860 1926 3912 τηνίκα
1960 3860 2026 3911 in
2057 3858 2152 3912 lht
2184 3859 2415 3928 margin
2448 3857 2518 3928 os
2528 3856 2621 3911 the
2643 3856 2903 3927 mfflnal
2923 3856 3060 3911 MS.
3085 3855 3210 3910 aad
3233 3857 3638 3927 incomta-ted

912 3948 1045 4002 here
1079 3955 1145 4002 a!
1175 3947 1268 4003 the
1301 3963 1509 4018 wrong
1533 3949 1719 4019 point.
1792 3947 1851 4001 ΙΙ
1870 3949 1922 3999 is
1946 3963 2009 3998 as
2020 3946 2260 4016 follows
2277 3965 2298 3998 .·
2336 3947 2634 4000 Gualterus
2662 3944 2732 3999 de
2763 3945 2986 3998 victoris
3025 3961 3084 4000 se
3123 3944 3364 4000 reddidit
3403 3962 3506 4016 pro
3543 3962 3626 4001 re·

916 4037 1252 4106 demptione
1291 4035 1709 4090 conservandus
1757 4033 1850 4105 qui
1895 4051 2057 4088 suum
2112 4033 2165 4088 in
2209 4033 2456 4102 graciam
2501 4033 2706 4102 Seleby
2746 4033 2908 4086 miles
2948 4049 3154 4100 magne
3194 4033 3492 4104 probitatis
3528 4033 3624 4106 qui

912 4126 1143 4180 tandem
1189 4124 1336 4178 mole
1378 4126 1673 4179 Scotorum
1716 4135 1941 4178 coactus
1986 4139 2139 4178 more
2184 4122 2378 4176 victori
2423 4121 2496 4177 de
2541 4121 2656 4178 iure
2700 4119 2922 4175 militari
2967 4120 3128 4177 bellis
3171 4121 3414 4178 scotici·
3453 4133 3624 4192 atque

914 4214 1145 4268 Gallicis
1172 4211 1413 4268 visitatu.
