4154 4895
602 491 743 542 Am.
754 491 911 540 ma.

660 855 707 906 ί.
728 850 866 904 12⁸⁵.

614 1886 907 1937 mroenders.

620 2780 833 2833 mma

619 2859 809 2899 retum}
832 2857 887 2898 to

622 2913 870 2977 England,

620 2980 819 3042 leaving

621 3044 836 3095 Edward

624 3110 807 3160 Ballio!
831 3119 887 3160 to

620 3191 873 3292 §3312

628 3623 795 3675 Denth
820 3625 875 3673 of

623 3691 761 3740 uch-

623 3757 805 3819 buhop

624 3821 881 3884 ¹¹2·th-

632 3899 686 3936 u
714 3893 827 3937 Oct.

948 287 1031 356 52
1819 273 2312 334 CHRONJCON
2351 273 2764 332 GALFRIDI

950 478 1065 543 vix
1099 498 1218 561 per
1249 478 1537 544 mediam
1570 477 1802 543 horam
1835 476 1966 541 diei
2005 473 2324 541 naturalis
2366 475 2747 540 attrocitate
2788 473 3143 559 utrobique
3191 473 3648 540 resistencium

955 599 1176 664 Scotis
1206 599 1474 682 aliquali
1510 619 1786 664 numero
1819 598 2183 689 peremptis
2213 609 2277 661 et
2314 596 2443 660 iam
2486 596 2747 661 illorum
2780 596 2992 661 tribus
3033 596 3302 661 aciebus
3345 597 3410 661 in
3443 615 3652 661 unum

952 721 1322 786 exercitum
1366 719 1803 803 conglobatis,
1834 720 2110 785 tandem
2153 717 2598 784 necessarium
2649 717 2803 801 suge
2849 718 3214 802 presidium
3261 718 3652 801 arripiente·

954 840 1268 906 dominus
1301 861 1417 906 rex
1452 851 1520 906 et
1562 841 1683 917 sui,
1713 841 2069 905 dextrariis
2109 840 2454 906 concensis
2479 837 2524 917 ¹,
2555 839 2854 904 celeriter
2896 840 3240 923 persecuti,
3270 840 3658 913 occidendo,

956 962 1300 1046 capiendo,
1334 962 1397 1025 in
1449 973 1687 1046 puteos
1732 971 1799 1025 et
1848 960 2029 1027 lacus
2076 960 2256 1044 ipsos
2301 961 2615 1059 fugando,
2653 981 2770 1045 per
2805 961 3100 1044 quinque
3133 960 3414 1026 miliaria
3443 959 3658 1025 venti-

958 1083 1193 1149 larunt.
1286 1082 1622 1147 Numerus
1652 1082 2000 1147 estimatus
2034 1082 2389 1147 Scotorum
2432 1081 2848 1148 occisorum⁸
2879 1080 3251 1147 excedebat
3298 1082 3660 1163 sexaginta

959 1202 1215 1268 millia⁸
1248 1203 1553 1267 virorum.
1647 1204 1806 1268 Post
1853 1202 2027 1267 istud
2076 1202 2321 1267 bellum
2369 1203 2600 1287 opinio
2644 1200 2855 1268 salsa⁴
2902 1202 3024 1269 suit
3062 1203 3448 1288 pupplicata
3477 1202 3660 1286 quod

957 1344 1195 1409 guerra
1253 1323 1518 1391 Scotica
1574 1323 1786 1388 suerat
1840 1323 2127 1388 finaliter
2178 1324 2551 1399 terminata,
2598 1342 2680 1389 eo
2727 1324 2907 1406 quod
2962 1324 3080 1387 vix
3131 1323 3369 1407 aliquis
3413 1324 3499 1389 de
3547 1324 3662 1387 illa

960 1445 1236 1510 nacione
1275 1445 1611 1523 remansit,
1640 1445 1754 1528 qui
1798 1453 2040 1529 posset,
2081 1445 2299 1521 sciret,
2343 1454 2411 1509 et
2457 1443 2656 1509 vellet
2699 1444 3091 1529 preliaturos
3125 1464 3550 1529 congregare,
3596 1458 3666 1509 et

960 1586 1185 1650 regere
1215 1577 1673 1651 congregatos.
1768 1564 2009 1631 Prelati
2049 1564 2186 1630 sere
2217 1565 2433 1632 tocius
2466 1565 2647 1649 regni
2682 1563 2920 1631 Scocie
2963 1565 3027 1629 in
3073 1565 3419 1632 Franciam
3453 1564 3666 1649 fugie-

962 1698 1134 1765 runt,
1163 1697 1231 1751 et
1262 1706 1489 1751 eorum
1522 1686 1926 1752 valenciores
1957 1688 2041 1752 ad
2074 1706 2413 1753 summum
2452 1686 2836 1771 pontificem
2857 1688 2944 1751 de
2976 1686 3276 1751 illorum⁸
3303 1686 3668 1751 infortunio

961 1807 1362 1874 adiutorium
1416 1818 1482 1872 et
1542 1808 1908 1872 remedium
1966 1807 2270 1873 flebiliter
2319 1808 2738 1890 requirentes.
2833 1808 2989 1873 Post
3043 1808 3198 1873 belli
3252 1807 3668 1892 triumphum

962 1948 1082 1992 rex
1130 1928 1215 1994 ad
1276 1928 1693 1993 obsidionem
1742 1928 2051 1994 Berewici
2101 1948 2416 2006 reversus
2471 1939 2609 1994 tam
2658 1938 2945 1994 castrum
2999 1947 3200 2012 quam
3253 1928 3496 2005 villam,
3551 1949 3672 2011 per

962 2049 1276 2113 comitem
1334 2047 1689 2113 Patricium
1744 2050 2092 2114 custodem
2147 2051 2535 2114 eorumdem
2589 2050 2865 2125 reddita,
2915 2049 3225 2134 suscepit.
3349 2049 3438 2113 Et
3489 2049 3668 2113 idem

962 2189 1188 2236 eomes
1222 2168 1543 2234 Patricius
1575 2168 1639 2233 in
1674 2169 1987 2252 proximo
2018 2170 2323 2253 sequenti
2357 2169 2797 2254 parliamento
2831 2169 3234 2235 Eboracensi
3271 2169 3662 2235 fidelitatem

964 2299 1031 2354 et
1091 2289 1477 2373 homagium
1537 2288 1773 2354 iuravit
1836 2290 1990 2373 regi,
2035 2300 2104 2355 et
2150 2290 2503 2355 abeodem
2553 2289 2799 2355 multos
2859 2291 3106 2374 recepit
3157 2290 3490 2367 honores;
3549 2304 3674 2363 set.

966 2410 1203 2475 iterum
1254 2408 1604 2476 infideliter
1646 2410 1733 2476 ad
1776 2429 1963 2475 suam
2004 2431 2301 2476 reversus
2348 2410 2795 2486 rebellionem,
2841 2413 3196 2478 secundam
3244 2412 3424 2496 apud
3479 2412 3670 2478 Dun-

966 2531 1120 2596 bar‘
1152 2552 1387 2615 passus
1430 2543 1529 2595 est
1562 2532 1980 2597 obsidionem
2024 2553 2143 2616 per
2181 2533 2529 2598 dominum
2563 2528 3036 2622 W[illelmum]
3070 2536 3155 2599 de
3193 2534 3428 2599 Monte
3457 2549 3676 2610 acuto,

967 2654 1282 2719 comitem
1329 2651 1715 2718 Sarisburie.

1144 2773 1352 2839 Facta
1400 2773 1598 2857 igitur
1628 2773 1971 2838 voluntate
2016 2773 2189 2856 regis
2232 2775 2317 2839 de
2361 2775 2524 2839 hiis²
2558 2774 2672 2859 qui
2720 2774 2984 2841 suerunt
3030 2775 3096 2840 in
3129 2775 3284 2841 villa
3330 2787 3396 2841 et
3437 2787 3676 2852 castr-0,

970 2893 1333 2978 relictaque
1373 2894 1675 2960 custodia
1717 2894 1853 2959 suis
1901 2894 2206 2958 fidelibus
2253 2895 2403 2959 ville
2449 2906 2515 2961 et
2563 2895 2760 2962 castri
2785 2895 2826 2972 ⁸,
2855 2916 2987 2979 que
3031 2917 3155 2959 suo
3194 2896 3495 2961 dominio
3537 2897 3676 2960 iure

968 3015 1372 3081 hereditario
1416 3024 1483 3079 et
1528 3025 1894 3097 conquestu
1941 3035 2211 3080 suorum
2258 3026 2750 3083 antecessorum
2797 3018 2972 3083 dixit
3029 3018 3374 3102 pertinere,
3419 3018 3672 3083 dimisit

966 3157 1189 3222 regem
1238 3134 1493 3211 Scocie,
1540 3135 1944 3200 Edwardum
1977 3137 2062 3201 de
2103 3136 2358 3219 Baylol,
2389 3148 2455 3202 et
2496 3151 2752 3205 ceteros
2783 3136 3085 3203 volentes
3128 3159 3354 3204 secum
3403 3158 3674 3204 manere

967 3259 1053 3325 ad
1100 3257 1470 3324 custodiam
1517 3257 1734 3322 tocius
1774 3256 1953 3340 regni
1997 3256 2401 3334 Scotorum:
2459 3271 2562 3324 set
2608 3271 2676 3324 et
2717 3258 2856 3342 ipse
2898 3259 2963 3322 in
2999 3257 3318 3342 Angliam
3363 3281 3676 3334 reve-rma,

967 3378 1055 3444 ad
1130 3377 1277 3443 loca
1350 3376 1708 3442 nonnulla’
1782 3379 2026 3444 devota
2102 3379 2497 3463 peregrinus,
2557 3379 2705 3444 Deo
2778 3378 3006 3444 laudes
3070 3380 3332 3444 debitas
3396 3381 3678 3446 devotus

969 3498 1271 3565 exsolvit.

1148 3620 1406 3685 Eodem
1473 3640 1665 3696 ann0,
1725 3619 1895 3685 circa
1963 3618 2199 3685 festum
2269 3622 2475 3687 sancti
2541 3620 2804 3686 Kalixti
2860 3642 3050 3706 pape,
3096 3622 3351 3687 vacavit
3403 3621 3678 3688 ecclesia

976 3741 1459 3808 Cantuariensis
1483 3762 1599 3826 per
1631 3754 1909 3806 mortem
1934 3742 1983 3780 ¹⁰
2015 3742 2308 3826 magistri
2332 3743 2621 3808 Simonis
2657 3742 2973 3826 Mepham
2997 3740 3038 3781 ¹¹
3067 3764 3083 3820 ;
3129 3742 3254 3818 cui,
3283 3745 3369 3808 ad
3403 3745 3674 3829 peticio-

1045 3946 1062 3982 ¹
1101 3949 1353 4019 arreptis.
1393 3950 1459 4006 C.
1670 3949 1691 3982 ¹
1727 3967 1833 4006 our.
1875 3951 1939 4005 B.
2153 3947 2174 3980 ⁸
2211 3951 2430 4006 altered
2432 3951 2597 4022 from
2623 3950 2879 4008 miliaria.
2917 3951 2982 4006 Β.
3197 3949 3218 3980 ⁸
3245 3950 3500 4018 vulgaris.
3541 3951 3606 4006 C.

1041 4033 1066 4068 ⁸
1102 4049 1277 4093 tanto.
1317 4038 1382 4094 C.
2043 4035 2066 4068 ⁸
2107 4039 2356 4095 Donbar.
2395 4041 2460 4097 C.
3109 4033 3131 4066 ¹
3168 4037 3290 4092 iuis.
3329 4039 3395 4094 C.

1043 4123 1063 4154 ¹
1100 4124 1317 4180 astris.
1360 4125 1422 4180 B.
2044 4125 2066 4154 ⁸
2100 4143 2206 4181 our.
2247 4127 2311 4182 B.
2895 4125 2938 4158 ⁸⁸
2963 4131 3074 4198 per
3097 4123 3354 4198 mun]
3381 4143 3490 4182 ea.
3531 4128 3595 4182 B.

1046 4211 1085 4244 ¹¹
1124 4211 1387 4283 Symonis
1410 4213 1483 4271 de
1510 4213 1797 4285 Mepbam.
1837 4215 1902 4271 C.
