<?xml version="1.0" encoding="UTF-8"?>
<!DOCTYPE html PUBLIC "-//W3C//DTD XHTML 1.0 Transitional//EN"
    "http://www.w3.org/TR/xhtml1/DTD/xhtml1-transitional.dtd">
<html xmlns="http://www.w3.org/1999/xhtml" xml:lang="en" lang="en">
 <head>
  <title>
</title>
<meta http-equiv="Content-Type" content="text/html;charset=utf-8" />
  <meta name='ocr-system' content='tesseract 3.04.00' />
  <meta name='ocr-capabilities' content='ocr_page ocr_carea ocr_par ocr_line ocrx_word'/>
</head>
<body>
  <div class='ocr_page' id='page_1' title='image "./chronicongalfri01thomgoog_0127.png"; bbox 0 0 4154 4895; ppageno 0'>
   <div class='ocr_carea' id='block_1_1' title="bbox 1247 276 3242 352">
    <p class='ocr_par' dir='ltr' id='par_1_1' title="bbox 1247 276 3242 352">
     <span class='ocr_line' id='line_1_1' title="bbox 1247 276 3242 352; baseline 0.004 -21"><span class='ocrx_word' id='word_1_1' title='bbox 1247 277 1359 331; x_wconf 89' lang='lat' dir='ltr'>LE</span> <span class='ocrx_word' id='word_1_2' title='bbox 1402 276 1693 332; x_wconf 86' lang='lat' dir='ltr'><em>BAKER</em></span> <span class='ocrx_word' id='word_1_3' title='bbox 1737 277 1857 331; x_wconf 91' lang='lat' dir='ltr'>DE</span> <span class='ocrx_word' id='word_1_4' title='bbox 1901 276 2523 335; x_wconf 76' lang='lat' dir='ltr'><em>SWYNEBROKE.</em></span> <span class='ocrx_word' id='word_1_5' title='bbox 3158 282 3242 352; x_wconf 88' lang='lat'>95</span> 
     </span>
    </p>
   </div>
   <div class='ocr_carea' id='block_1_2' title="bbox 532 473 3598 873">
    <p class='ocr_par' dir='ltr' id='par_1_2' title="bbox 532 473 3598 873">
     <span class='ocr_line' id='line_1_2' title="bbox 706 473 3598 560; baseline 0 -19"><span class='ocrx_word' id='word_1_6' title='bbox 706 477 936 554; x_wconf 88' lang='lat' dir='ltr'>‘Item,</span> <span class='ocrx_word' id='word_1_7' title='bbox 980 496 1209 541; x_wconf 90' lang='lat' dir='ltr'>omnes</span> <span class='ocrx_word' id='word_1_8' title='bbox 1254 476 1647 555; x_wconf 78' lang='lat' dir='ltr'>obsidioneS,</span> <span class='ocrx_word' id='word_1_9' title='bbox 1692 473 1810 560; x_wconf 85' lang='lat' dir='ltr'>per</span> <span class='ocrx_word' id='word_1_10' title='bbox 1854 479 2231 560; x_wconf 88' lang='lat' dir='ltr'>potenciam</span> <span class='ocrx_word' id='word_1_11' title='bbox 2292 478 2761 560; x_wconf 91' lang='lat' dir='ltr'>cuiuscumque</span> <span class='ocrx_word' id='word_1_12' title='bbox 2820 476 3239 541; x_wconf 89' lang='lat' dir='ltr'>subditorum</span> <span class='ocrx_word' id='word_1_13' title='bbox 3283 494 3598 546; x_wconf 57' lang='lat' dir='ltr'>Amnem.</span> 
     </span>
     <span class='ocr_line' id='line_1_3' title="bbox 532 581 3244 664; baseline -0 -18"><span class='ocrx_word' id='word_1_14' title='bbox 532 582 815 647; x_wconf 92' lang='lat' dir='ltr'>duorum</span> <span class='ocrx_word' id='word_1_15' title='bbox 865 601 1091 664; x_wconf 89' lang='lat' dir='ltr'>regum</span> <span class='ocrx_word' id='word_1_16' title='bbox 1150 581 1215 645; x_wconf 90' lang='lat' dir='ltr'>in</span> <span class='ocrx_word' id='word_1_17' title='bbox 1254 581 1584 646; x_wconf 88' lang='lat' dir='ltr'>Vasconia</span> <span class='ocrx_word' id='word_1_18' title='bbox 1628 602 1741 645; x_wconf 89' lang='lat' dir='ltr'>seu</span> <span class='ocrx_word' id='word_1_19' title='bbox 1782 581 2062 664; x_wconf 90' lang='lat' dir='ltr'>Gyenna</span> <span class='ocrx_word' id='word_1_20' title='bbox 2099 582 2201 646; x_wconf 90' lang='lat' dir='ltr'>vel</span> <span class='ocrx_word' id='word_1_21' title='bbox 2245 581 2587 646; x_wconf 85' lang='lat' dir='ltr'>Britannia</span> <span class='ocrx_word' id='word_1_22' title='bbox 2627 603 2740 645; x_wconf 90' lang='lat' dir='ltr'>seu</span> <span class='ocrx_word' id='word_1_23' title='bbox 2791 581 3085 646; x_wconf 90' lang='lat' dir='ltr'>Pictavia</span> <span class='ocrx_word' id='word_1_24' title='bbox 3126 590 3244 646; x_wconf 90' lang='lat' dir='ltr'>aut</span> 
     </span>
     <span class='ocr_line' id='line_1_4' title="bbox 533 684 3243 774; baseline 0 -25"><span class='ocrx_word' id='word_1_25' title='bbox 533 686 599 749; x_wconf 91' lang='lat' dir='ltr'>in</span> <span class='ocrx_word' id='word_1_26' title='bbox 646 686 869 749; x_wconf 91' lang='lat' dir='ltr'>insulis</span> <span class='ocrx_word' id='word_1_27' title='bbox 915 686 1180 750; x_wconf 89' lang='lat' dir='ltr'>marinis</span> <span class='ocrx_word' id='word_1_28' title='bbox 1224 696 1533 769; x_wconf 89' lang='lat' dir='ltr'>congeste</span> <span class='ocrx_word' id='word_1_29' title='bbox 1559 685 1664 774; x_wconf 64' lang='lat' dir='ltr'>vel</span> <span class='ocrx_word' id='word_1_30' title='bbox 1712 687 2128 770; x_wconf 90' lang='lat' dir='ltr'>ubicumque,</span> <span class='ocrx_word' id='word_1_31' title='bbox 2171 687 2552 750; x_wconf 88' lang='lat' dir='ltr'>immediate</span> <span class='ocrx_word' id='word_1_32' title='bbox 2587 697 2742 771; x_wconf 88' lang='lat' dir='ltr'>post</span> <span class='ocrx_word' id='word_1_33' title='bbox 2789 684 3243 771; x_wconf 88' lang='lat' dir='ltr'>pupplicacio-</span> 
     </span>
     <span class='ocr_line' id='line_1_5' title="bbox 536 790 1892 873; baseline 0 -19"><span class='ocrx_word' id='word_1_34' title='bbox 536 811 686 854; x_wconf 90' lang='lat' dir='ltr'>nem</span> <span class='ocrx_word' id='word_1_35' title='bbox 720 790 992 854; x_wconf 89' lang='lat' dir='ltr'>istarum</span> <span class='ocrx_word' id='word_1_36' title='bbox 1025 802 1405 873; x_wconf 87' lang='lat' dir='ltr'>treugarum</span> <span class='ocrx_word' id='word_1_37' title='bbox 1436 800 1626 853; x_wconf 89' lang='lat' dir='ltr'>erunt</span> <span class='ocrx_word' id='word_1_38' title='bbox 1656 790 1892 855; x_wconf 90' lang='lat' dir='ltr'>solute.</span> 
     </span>
    </p>
   </div>
   <div class='ocr_carea' id='block_1_3' title="bbox 3337 584 3535 598">
    <p class='ocr_par' dir='ltr' id='par_1_3' title="bbox 3337 584 3535 598">
     <span class='ocr_line' id='line_1_6' title="bbox 3337 584 3535 598; baseline 0 4297"><span class='ocrx_word' id='word_1_39' title='bbox 3337 584 3535 598; x_wconf 95' lang='lat' dir='ltr'> </span> 
     </span>
    </p>
   </div>
   <div class='ocr_carea' id='block_1_4' title="bbox 532 892 3249 4208">
    <p class='ocr_par' dir='ltr' id='par_1_4' title="bbox 532 892 3249 1394">
     <span class='ocr_line' id='line_1_7' title="bbox 708 892 3249 976; baseline 0 -19"><span class='ocrx_word' id='word_1_40' title='bbox 708 894 937 972; x_wconf 91' lang='lat' dir='ltr'>‘Item,</span> <span class='ocrx_word' id='word_1_41' title='bbox 982 895 1182 976; x_wconf 92' lang='lat' dir='ltr'>quod,</span> <span class='ocrx_word' id='word_1_42' title='bbox 1227 894 1281 957; x_wconf 90' lang='lat' dir='ltr'>si</span> <span class='ocrx_word' id='word_1_43' title='bbox 1326 904 1615 959; x_wconf 86' lang='lat' dir='ltr'>castrum</span> <span class='ocrx_word' id='word_1_44' title='bbox 1657 894 1761 959; x_wconf 88' lang='lat' dir='ltr'>vel</span> <span class='ocrx_word' id='word_1_45' title='bbox 1806 894 1963 959; x_wconf 90' lang='lat' dir='ltr'>villa</span> <span class='ocrx_word' id='word_1_46' title='bbox 2006 894 2111 959; x_wconf 91' lang='lat' dir='ltr'>vel</span> <span class='ocrx_word' id='word_1_47' title='bbox 2159 894 2573 972; x_wconf 85' lang='lat' dir='ltr'>fortalicium,</span> <span class='ocrx_word' id='word_1_48' title='bbox 2610 893 2909 959; x_wconf 89' lang='lat' dir='ltr'>homines</span> <span class='ocrx_word' id='word_1_49' title='bbox 2953 904 3069 958; x_wconf 92' lang='lat' dir='ltr'>aut</span> <span class='ocrx_word' id='word_1_50' title='bbox 3115 892 3249 958; x_wconf 90' lang='lat' dir='ltr'>alia</span> 
     </span>
     <span class='ocr_line' id='line_1_8' title="bbox 532 996 3246 1083; baseline 0 -22"><span class='ocrx_word' id='word_1_51' title='bbox 532 1017 947 1082; x_wconf 89' lang='lat' dir='ltr'>quecumque</span> <span class='ocrx_word' id='word_1_52' title='bbox 990 997 1166 1062; x_wconf 90' lang='lat' dir='ltr'>bona</span> <span class='ocrx_word' id='word_1_53' title='bbox 1213 997 1486 1063; x_wconf 90' lang='lat' dir='ltr'>mobilia</span> <span class='ocrx_word' id='word_1_54' title='bbox 1520 1019 1634 1063; x_wconf 90' lang='lat' dir='ltr'>seu</span> <span class='ocrx_word' id='word_1_55' title='bbox 1673 997 2040 1064; x_wconf 88' lang='lat' dir='ltr'>immobilia</span> <span class='ocrx_word' id='word_1_56' title='bbox 2080 999 2316 1064; x_wconf 87' lang='lat' dir='ltr'>fuerint</span> <span class='ocrx_word' id='word_1_57' title='bbox 2358 1009 2556 1083; x_wconf 90' lang='lat' dir='ltr'>capta</span> <span class='ocrx_word' id='word_1_58' title='bbox 2593 1009 2746 1083; x_wconf 90' lang='lat' dir='ltr'>post</span> <span class='ocrx_word' id='word_1_59' title='bbox 2789 996 3246 1064; x_wconf 90' lang='lat' dir='ltr'>confirmacio-</span> 
     </span>
     <span class='ocr_line' id='line_1_9' title="bbox 535 1102 3247 1187; baseline -0 -22"><span class='ocrx_word' id='word_1_60' title='bbox 535 1123 687 1167; x_wconf 90' lang='lat' dir='ltr'>nem</span> <span class='ocrx_word' id='word_1_61' title='bbox 752 1102 1026 1166; x_wconf 88' lang='lat' dir='ltr'>istarum</span> <span class='ocrx_word' id='word_1_62' title='bbox 1071 1111 1468 1185; x_wconf 87' lang='lat' dir='ltr'>treugarum,</span> <span class='ocrx_word' id='word_1_63' title='bbox 1513 1103 1815 1186; x_wconf 90' lang='lat' dir='ltr'>quamvis</span> <span class='ocrx_word' id='word_1_64' title='bbox 1874 1123 2006 1168; x_wconf 92' lang='lat' dir='ltr'>non</span> <span class='ocrx_word' id='word_1_65' title='bbox 2072 1103 2623 1187; x_wconf 89' lang='lat' dir='ltr'>pupplicatarum,</span> <span class='ocrx_word' id='word_1_66' title='bbox 2684 1103 2815 1167; x_wconf 92' lang='lat' dir='ltr'>sint</span> <span class='ocrx_word' id='word_1_67' title='bbox 2887 1112 3111 1167; x_wconf 90' lang='lat' dir='ltr'>tamen</span> <span class='ocrx_word' id='word_1_68' title='bbox 3180 1102 3247 1165; x_wconf 91' lang='lat' dir='ltr'>in</span> 
     </span>
     <span class='ocr_line' id='line_1_10' title="bbox 535 1206 3244 1291; baseline -0 -20"><span class='ocrx_word' id='word_1_69' title='bbox 535 1209 862 1290; x_wconf 89' lang='lat' dir='ltr'>integrum</span> <span class='ocrx_word' id='word_1_70' title='bbox 922 1215 1170 1271; x_wconf 90' lang='lat' dir='ltr'>statum</span> <span class='ocrx_word' id='word_1_71' title='bbox 1231 1207 1535 1271; x_wconf 89' lang='lat' dir='ltr'>restituta</span> <span class='ocrx_word' id='word_1_72' title='bbox 1594 1208 1658 1271; x_wconf 93' lang='lat' dir='ltr'>in</span> <span class='ocrx_word' id='word_1_73' title='bbox 1718 1228 1854 1291; x_wconf 92' lang='lat' dir='ltr'>quo</span> <span class='ocrx_word' id='word_1_74' title='bbox 1913 1207 2168 1272; x_wconf 88' lang='lat' dir='ltr'>fuerant</span> <span class='ocrx_word' id='word_1_75' title='bbox 2230 1209 2339 1272; x_wconf 91' lang='lat' dir='ltr'>die</span> <span class='ocrx_word' id='word_1_76' title='bbox 2392 1206 2917 1272; x_wconf 87' lang='lat' dir='ltr'>confirmacionis</span> <span class='ocrx_word' id='word_1_77' title='bbox 2970 1207 3244 1271; x_wconf 91' lang='lat' dir='ltr'>istarum</span> 
     </span>
     <span class='ocr_line' id='line_1_11' title="bbox 536 1322 938 1394; baseline -0.002 -19"><span class='ocrx_word' id='word_1_78' title='bbox 536 1322 938 1394; x_wconf 84' lang='lat' dir='ltr'>treugarum.</span> 
     </span>
    </p>

    <p class='ocr_par' dir='ltr' id='par_1_5' title="bbox 534 1413 3248 1707">
     <span class='ocr_line' id='line_1_12' title="bbox 709 1413 3248 1501; baseline -0 -23"><span class='ocrx_word' id='word_1_79' title='bbox 709 1415 929 1492; x_wconf 86' lang='lat' dir='ltr'>‘Item,</span> <span class='ocrx_word' id='word_1_80' title='bbox 974 1414 1230 1480; x_wconf 90' lang='lat' dir='ltr'>iusticia</span> <span class='ocrx_word' id='word_1_81' title='bbox 1273 1413 1400 1479; x_wconf 87' lang='lat' dir='ltr'>fiat</span> <span class='ocrx_word' id='word_1_82' title='bbox 1434 1415 1702 1481; x_wconf 89' lang='lat' dir='ltr'>cuilibet</span> <span class='ocrx_word' id='word_1_83' title='bbox 1746 1416 1994 1481; x_wconf 88' lang='lat' dir='ltr'>volenti</span> <span class='ocrx_word' id='word_1_84' title='bbox 2040 1416 2350 1501; x_wconf 88' lang='lat' dir='ltr'>conqueri</span> <span class='ocrx_word' id='word_1_85' title='bbox 2396 1416 2482 1481; x_wconf 93' lang='lat' dir='ltr'>de</span> <span class='ocrx_word' id='word_1_86' title='bbox 2525 1414 2717 1500; x_wconf 88' lang='lat' dir='ltr'>lapsu</span> <span class='ocrx_word' id='word_1_87' title='bbox 2762 1435 2877 1479; x_wconf 92' lang='lat' dir='ltr'>seu</span> <span class='ocrx_word' id='word_1_88' title='bbox 2925 1413 3084 1497; x_wconf 88' lang='lat' dir='ltr'>suga</span> <span class='ocrx_word' id='word_1_89' title='bbox 3127 1435 3248 1478; x_wconf 92' lang='lat' dir='ltr'>seu</span> 
     </span>
     <span class='ocr_line' id='line_1_13' title="bbox 534 1518 3248 1605; baseline -0.001 -22"><span class='ocrx_word' id='word_1_90' title='bbox 534 1518 666 1585; x_wconf 85' lang='lat' dir='ltr'>fide</span> <span class='ocrx_word' id='word_1_91' title='bbox 718 1521 997 1585; x_wconf 89' lang='lat' dir='ltr'>mentita</span> <span class='ocrx_word' id='word_1_92' title='bbox 1054 1520 1521 1604; x_wconf 89' lang='lat' dir='ltr'>cuiuscumque</span> <span class='ocrx_word' id='word_1_93' title='bbox 1579 1522 1843 1605; x_wconf 90' lang='lat' dir='ltr'>captivi,</span> <span class='ocrx_word' id='word_1_94' title='bbox 1908 1532 1976 1586; x_wconf 92' lang='lat' dir='ltr'>et</span> <span class='ocrx_word' id='word_1_95' title='bbox 2035 1522 2123 1586; x_wconf 90' lang='lat' dir='ltr'>ad</span> <span class='ocrx_word' id='word_1_96' title='bbox 2183 1521 2311 1588; x_wconf 90' lang='lat' dir='ltr'>hoc</span> <span class='ocrx_word' id='word_1_97' title='bbox 2369 1522 2502 1587; x_wconf 92' lang='lat' dir='ltr'>sint</span> <span class='ocrx_word' id='word_1_98' title='bbox 2569 1520 2815 1586; x_wconf 89' lang='lat' dir='ltr'>iudices</span> <span class='ocrx_word' id='word_1_99' title='bbox 2874 1518 3248 1603; x_wconf 87' lang='lat' dir='ltr'>specialiter</span> 
     </span>
     <span class='ocr_line' id='line_1_14' title="bbox 534 1624 856 1707; baseline -0.009 -18"><span class='ocrx_word' id='word_1_100' title='bbox 534 1624 856 1707; x_wconf 90' lang='lat' dir='ltr'>deputati.</span> 
     </span>
    </p>

    <p class='ocr_par' dir='ltr' id='par_1_6' title="bbox 536 1726 3247 2003">
     <span class='ocr_line' id='line_1_15' title="bbox 711 1726 3245 1813; baseline 0 -21"><span class='ocrx_word' id='word_1_101' title='bbox 711 1732 727 1761; x_wconf 92' lang='lat'>‘</span> <span class='ocrx_word' id='word_1_102' title='bbox 750 1729 940 1806; x_wconf 91' lang='lat' dir='ltr'>Item,</span> <span class='ocrx_word' id='word_1_103' title='bbox 984 1730 1165 1812; x_wconf 93' lang='lat' dir='ltr'>quod</span> <span class='ocrx_word' id='word_1_104' title='bbox 1210 1728 1476 1794; x_wconf 90' lang='lat' dir='ltr'>cuilibet</span> <span class='ocrx_word' id='word_1_105' title='bbox 1527 1728 1771 1794; x_wconf 91' lang='lat' dir='ltr'>volenti</span> <span class='ocrx_word' id='word_1_106' title='bbox 1833 1730 2363 1813; x_wconf 88' lang='lat' dir='ltr'>redempcionem</span> <span class='ocrx_word' id='word_1_107' title='bbox 2424 1749 2612 1793; x_wconf 90' lang='lat' dir='ltr'>suam</span> <span class='ocrx_word' id='word_1_108' title='bbox 2674 1726 2926 1793; x_wconf 89' lang='lat' dir='ltr'>solvere</span> <span class='ocrx_word' id='word_1_109' title='bbox 2984 1736 3100 1792; x_wconf 90' lang='lat' dir='ltr'>aut</span> <span class='ocrx_word' id='word_1_110' title='bbox 3158 1726 3245 1792; x_wconf 91' lang='lat' dir='ltr'>ab</span> 
     </span>
     <span class='ocr_line' id='line_1_16' title="bbox 536 1832 3247 1919; baseline -0.001 -22"><span class='ocrx_word' id='word_1_111' title='bbox 536 1833 706 1897; x_wconf 88' lang='lat' dir='ltr'>alico</span> <span class='ocrx_word' id='word_1_112' title='bbox 765 1832 1064 1897; x_wconf 88' lang='lat' dir='ltr'>debitum</span> <span class='ocrx_word' id='word_1_113' title='bbox 1139 1834 1408 1916; x_wconf 87' lang='lat' dir='ltr'>exigere</span> <span class='ocrx_word' id='word_1_114' title='bbox 1466 1855 1580 1898; x_wconf 91' lang='lat' dir='ltr'>seu</span> <span class='ocrx_word' id='word_1_115' title='bbox 1641 1835 1726 1899; x_wconf 91' lang='lat' dir='ltr'>de</span> <span class='ocrx_word' id='word_1_116' title='bbox 1783 1834 1915 1901; x_wconf 91' lang='lat' dir='ltr'>alio</span> <span class='ocrx_word' id='word_1_117' title='bbox 1986 1854 2356 1919; x_wconf 88' lang='lat' dir='ltr'>proponere</span> <span class='ocrx_word' id='word_1_118' title='bbox 2425 1832 2761 1917; x_wconf 86' lang='lat' dir='ltr'>querelam</span> <span class='ocrx_word' id='word_1_119' title='bbox 2832 1833 3247 1916; x_wconf 90' lang='lat' dir='ltr'>assingnetur</span> 
     </span>
     <span class='ocr_line' id='line_1_17' title="bbox 536 1935 1593 2003; baseline 0 -2"><span class='ocrx_word' id='word_1_120' title='bbox 536 1935 758 2001; x_wconf 89' lang='lat' dir='ltr'>salvus</span> <span class='ocrx_word' id='word_1_121' title='bbox 794 1938 1160 2003; x_wconf 89' lang='lat' dir='ltr'>conductus</span> <span class='ocrx_word' id='word_1_122' title='bbox 1197 1947 1265 2001; x_wconf 92' lang='lat' dir='ltr'>et</span> <span class='ocrx_word' id='word_1_123' title='bbox 1309 1958 1593 2003; x_wconf 88' lang='lat' dir='ltr'>securus.</span> 
     </span>
    </p>

    <p class='ocr_par' dir='ltr' id='par_1_7' title="bbox 539 2039 3246 2333">
     <span class='ocr_line' id='line_1_18' title="bbox 712 2039 3245 2125; baseline 0 -21"><span class='ocrx_word' id='word_1_124' title='bbox 712 2046 727 2073; x_wconf 92' lang='lat'>‘</span> <span class='ocrx_word' id='word_1_125' title='bbox 750 2041 939 2119; x_wconf 91' lang='lat' dir='ltr'>Item,</span> <span class='ocrx_word' id='word_1_126' title='bbox 961 2043 1142 2125; x_wconf 93' lang='lat' dir='ltr'>quod</span> <span class='ocrx_word' id='word_1_127' title='bbox 1172 2052 1400 2125; x_wconf 91' lang='lat' dir='ltr'>treuge</span> <span class='ocrx_word' id='word_1_128' title='bbox 1428 2042 1557 2106; x_wconf 90' lang='lat' dir='ltr'>sint</span> <span class='ocrx_word' id='word_1_129' title='bbox 1594 2040 1980 2108; x_wconf 89' lang='lat' dir='ltr'>confirmate</span> <span class='ocrx_word' id='word_1_130' title='bbox 2003 2042 2228 2124; x_wconf 91' lang='lat' dir='ltr'>quoad</span> <span class='ocrx_word' id='word_1_131' title='bbox 2262 2041 2502 2108; x_wconf 90' lang='lat' dir='ltr'>Scotos</span> <span class='ocrx_word' id='word_1_132' title='bbox 2532 2051 2599 2105; x_wconf 92' lang='lat' dir='ltr'>et</span> <span class='ocrx_word' id='word_1_133' title='bbox 2622 2061 2851 2107; x_wconf 90' lang='lat' dir='ltr'>eorum</span> <span class='ocrx_word' id='word_1_134' title='bbox 2885 2039 3245 2117; x_wconf 85' lang='lat' dir='ltr'>marchias;</span> 
     </span>
     <span class='ocr_line' id='line_1_19' title="bbox 539 2142 3246 2229; baseline 0 -21"><span class='ocrx_word' id='word_1_135' title='bbox 539 2164 705 2226; x_wconf 89' lang='lat' dir='ltr'>quas</span> <span class='ocrx_word' id='word_1_136' title='bbox 749 2154 972 2209; x_wconf 89' lang='lat' dir='ltr'>tamen</span> <span class='ocrx_word' id='word_1_137' title='bbox 1032 2156 1298 2229; x_wconf 90' lang='lat' dir='ltr'>treugas</span> <span class='ocrx_word' id='word_1_138' title='bbox 1361 2144 1546 2211; x_wconf 91' lang='lat' dir='ltr'>Scoti</span> <span class='ocrx_word' id='word_1_139' title='bbox 1604 2145 1660 2209; x_wconf 89' lang='lat' dir='ltr'>si</span> <span class='ocrx_word' id='word_1_140' title='bbox 1724 2146 2051 2210; x_wconf 88' lang='lat' dir='ltr'>voluerint</span> <span class='ocrx_word' id='word_1_141' title='bbox 2110 2144 2214 2208; x_wconf 90' lang='lat' dir='ltr'>vel</span> <span class='ocrx_word' id='word_1_142' title='bbox 2236 2142 2261 2181; x_wconf 86' lang='lat'>¹</span> <span class='ocrx_word' id='word_1_143' title='bbox 2321 2145 2655 2228; x_wconf 89' lang='lat' dir='ltr'>potuerint</span> <span class='ocrx_word' id='word_1_144' title='bbox 2714 2143 3078 2226; x_wconf 87' lang='lat' dir='ltr'>infringere,</span> <span class='ocrx_word' id='word_1_145' title='bbox 3126 2163 3246 2208; x_wconf 89' lang='lat' dir='ltr'>nec</span> 
     </span>
     <span class='ocr_line' id='line_1_20' title="bbox 540 2248 3115 2333; baseline -0.002 -20"><span class='ocrx_word' id='word_1_146' title='bbox 540 2249 755 2313; x_wconf 90' lang='lat' dir='ltr'>minus</span> <span class='ocrx_word' id='word_1_147' title='bbox 785 2258 1006 2313; x_wconf 90' lang='lat' dir='ltr'>tamen</span> <span class='ocrx_word' id='word_1_148' title='bbox 1045 2250 1212 2313; x_wconf 90' lang='lat' dir='ltr'>inter</span> <span class='ocrx_word' id='word_1_149' title='bbox 1242 2270 1426 2333; x_wconf 90' lang='lat' dir='ltr'>reges</span> <span class='ocrx_word' id='word_1_150' title='bbox 1455 2262 1521 2314; x_wconf 92' lang='lat' dir='ltr'>et</span> <span class='ocrx_word' id='word_1_151' title='bbox 1553 2249 1716 2314; x_wconf 89' lang='lat' dir='ltr'>alios</span> <span class='ocrx_word' id='word_1_152' title='bbox 1748 2250 1812 2313; x_wconf 90' lang='lat' dir='ltr'>in</span> <span class='ocrx_word' id='word_1_153' title='bbox 1844 2249 1961 2314; x_wconf 90' lang='lat' dir='ltr'>eiis</span> <span class='ocrx_word' id='word_1_154' title='bbox 1993 2248 2500 2333; x_wconf 90' lang='lat' dir='ltr'>comprehensos</span> <span class='ocrx_word' id='word_1_155' title='bbox 2531 2258 2720 2312; x_wconf 91' lang='lat' dir='ltr'>erunt</span> <span class='ocrx_word' id='word_1_156' title='bbox 2751 2249 3115 2313; x_wconf 88' lang='lat' dir='ltr'>observate.</span> 
     </span>
    </p>

    <p class='ocr_par' dir='ltr' id='par_1_8' title="bbox 538 2351 3247 2957">
     <span class='ocr_line' id='line_1_21' title="bbox 714 2351 3247 2435; baseline -0 -19"><span class='ocrx_word' id='word_1_157' title='bbox 714 2352 942 2430; x_wconf 86' lang='lat' dir='ltr'>‘Item,</span> <span class='ocrx_word' id='word_1_158' title='bbox 987 2355 1073 2417; x_wconf 93' lang='lat' dir='ltr'>ad</span> <span class='ocrx_word' id='word_1_159' title='bbox 1122 2354 1578 2418; x_wconf 88' lang='lat' dir='ltr'>intemeratam</span> <span class='ocrx_word' id='word_1_160' title='bbox 1638 2354 2006 2419; x_wconf 90' lang='lat' dir='ltr'>custodiam</span> <span class='ocrx_word' id='word_1_161' title='bbox 2057 2354 2331 2417; x_wconf 90' lang='lat' dir='ltr'>istarum</span> <span class='ocrx_word' id='word_1_162' title='bbox 2379 2363 2759 2435; x_wconf 84' lang='lat' dir='ltr'>treugarum</span> <span class='ocrx_word' id='word_1_163' title='bbox 2809 2352 2940 2416; x_wconf 92' lang='lat' dir='ltr'>sint</span> <span class='ocrx_word' id='word_1_164' title='bbox 3000 2351 3247 2416; x_wconf 89' lang='lat' dir='ltr'>iudices</span> 
     </span>
     <span class='ocr_line' id='line_1_22' title="bbox 539 2456 3245 2543; baseline -0 -23"><span class='ocrx_word' id='word_1_165' title='bbox 539 2456 909 2541; x_wconf 88' lang='lat' dir='ltr'>specialiter</span> <span class='ocrx_word' id='word_1_166' title='bbox 965 2459 1286 2542; x_wconf 88' lang='lat' dir='ltr'>deputati,</span> <span class='ocrx_word' id='word_1_167' title='bbox 1347 2481 1463 2543; x_wconf 93' lang='lat' dir='ltr'>per</span> <span class='ocrx_word' id='word_1_168' title='bbox 1521 2479 1689 2542; x_wconf 89' lang='lat' dir='ltr'>quos</span> <span class='ocrx_word' id='word_1_169' title='bbox 1745 2458 1848 2522; x_wconf 90' lang='lat' dir='ltr'>vel</span> <span class='ocrx_word' id='word_1_170' title='bbox 1916 2480 2032 2542; x_wconf 89' lang='lat' dir='ltr'>per</span> <span class='ocrx_word' id='word_1_171' title='bbox 2093 2479 2279 2541; x_wconf 89' lang='lat' dir='ltr'>reges</span> <span class='ocrx_word' id='word_1_172' title='bbox 2336 2458 2423 2522; x_wconf 92' lang='lat' dir='ltr'>sit</span> <span class='ocrx_word' id='word_1_173' title='bbox 2482 2466 2870 2543; x_wconf 90' lang='lat' dir='ltr'>precautum</span> <span class='ocrx_word' id='word_1_174' title='bbox 2929 2458 3130 2540; x_wconf 91' lang='lat' dir='ltr'>quod,</span> <span class='ocrx_word' id='word_1_175' title='bbox 3190 2456 3245 2519; x_wconf 90' lang='lat' dir='ltr'>si</span> 
     </span>
     <span class='ocr_line' id='line_1_23' title="bbox 538 2561 3244 2647; baseline -0.001 -22"><span class='ocrx_word' id='word_1_176' title='bbox 538 2561 810 2642; x_wconf 89' lang='lat' dir='ltr'>aliquod</span> <span class='ocrx_word' id='word_1_177' title='bbox 847 2564 1247 2627; x_wconf 88' lang='lat' dir='ltr'>contrarium</span> <span class='ocrx_word' id='word_1_178' title='bbox 1281 2563 1423 2627; x_wconf 90' lang='lat' dir='ltr'>istis</span> <span class='ocrx_word' id='word_1_179' title='bbox 1468 2563 1716 2646; x_wconf 88' lang='lat' dir='ltr'>treugis</span> <span class='ocrx_word' id='word_1_180' title='bbox 1753 2583 1869 2647; x_wconf 89' lang='lat' dir='ltr'>per</span> <span class='ocrx_word' id='word_1_181' title='bbox 1899 2561 2189 2644; x_wconf 88' lang='lat' dir='ltr'>aliquem</span> <span class='ocrx_word' id='word_1_182' title='bbox 2222 2562 2415 2626; x_wconf 86' lang='lat' dir='ltr'>suerit</span> <span class='ocrx_word' id='word_1_183' title='bbox 2448 2572 2943 2646; x_wconf 90' lang='lat' dir='ltr'>attemptatum,</span> <span class='ocrx_word' id='word_1_184' title='bbox 2974 2561 3060 2625; x_wconf 90' lang='lat' dir='ltr'>ad</span> <span class='ocrx_word' id='word_1_185' title='bbox 3109 2569 3244 2624; x_wconf 89' lang='lat' dir='ltr'>sta-</span> 
     </span>
     <span class='ocr_line' id='line_1_24' title="bbox 539 2664 3243 2751; baseline -0 -23"><span class='ocrx_word' id='word_1_186' title='bbox 539 2673 683 2728; x_wconf 90' lang='lat' dir='ltr'>tum</span> <span class='ocrx_word' id='word_1_187' title='bbox 721 2666 1020 2729; x_wconf 88' lang='lat' dir='ltr'>debitum</span> <span class='ocrx_word' id='word_1_188' title='bbox 1057 2674 1288 2750; x_wconf 90' lang='lat' dir='ltr'>treuge</span> <span class='ocrx_word' id='word_1_189' title='bbox 1331 2668 1462 2731; x_wconf 88' lang='lat' dir='ltr'>sint</span> <span class='ocrx_word' id='word_1_190' title='bbox 1509 2667 1876 2743; x_wconf 88' lang='lat' dir='ltr'>reformate,</span> <span class='ocrx_word' id='word_1_191' title='bbox 1907 2687 2026 2731; x_wconf 90' lang='lat' dir='ltr'>nec</span> <span class='ocrx_word' id='word_1_192' title='bbox 2072 2675 2343 2751; x_wconf 90' lang='lat' dir='ltr'>propter</span> <span class='ocrx_word' id='word_1_193' title='bbox 2386 2666 2637 2748; x_wconf 91' lang='lat' dir='ltr'>aliquid</span> <span class='ocrx_word' id='word_1_194' title='bbox 2682 2667 2799 2729; x_wconf 90' lang='lat' dir='ltr'>eiis</span> <span class='ocrx_word' id='word_1_195' title='bbox 2844 2664 3243 2731; x_wconf 90' lang='lat' dir='ltr'>contrarium</span> 
     </span>
     <span class='ocr_line' id='line_1_25' title="bbox 540 2769 3247 2855; baseline -0 -22"><span class='ocrx_word' id='word_1_196' title='bbox 540 2769 787 2834; x_wconf 88' lang='lat' dir='ltr'>factum</span> <span class='ocrx_word' id='word_1_197' title='bbox 830 2770 961 2835; x_wconf 91' lang='lat' dir='ltr'>sint</span> <span class='ocrx_word' id='word_1_198' title='bbox 1002 2770 1202 2836; x_wconf 79' lang='lat' dir='ltr'>fracte</span> <span class='ocrx_word' id='word_1_199' title='bbox 1244 2771 1401 2855; x_wconf 85' lang='lat' dir='ltr'>ipse,</span> <span class='ocrx_word' id='word_1_200' title='bbox 1445 2771 1738 2836; x_wconf 86' lang='lat' dir='ltr'>articulis</span> <span class='ocrx_word' id='word_1_201' title='bbox 1778 2780 2004 2835; x_wconf 88' lang='lat' dir='ltr'>tamen</span> <span class='ocrx_word' id='word_1_202' title='bbox 2042 2769 2347 2837; x_wconf 87' lang='lat' dir='ltr'>Scociam</span> <span class='ocrx_word' id='word_1_203' title='bbox 2391 2770 2814 2854; x_wconf 89' lang='lat' dir='ltr'>tangentibus</span> <span class='ocrx_word' id='word_1_204' title='bbox 2843 2791 2965 2835; x_wconf 88' lang='lat' dir='ltr'>suo</span> <span class='ocrx_word' id='word_1_205' title='bbox 3010 2769 3247 2835; x_wconf 88' lang='lat' dir='ltr'>robore</span> 
     </span>
     <span class='ocr_line' id='line_1_26' title="bbox 540 2875 999 2957; baseline 0 -20"><span class='ocrx_word' id='word_1_206' title='bbox 540 2875 999 2957; x_wconf 86' lang='lat' dir='ltr'>permansuris.</span> 
     </span>
    </p>

    <p class='ocr_par' dir='ltr' id='par_1_9' title="bbox 538 2977 3245 3791">
     <span class='ocr_line' id='line_1_27' title="bbox 713 2977 3244 3062; baseline 0 -21"><span class='ocrx_word' id='word_1_207' title='bbox 713 2977 938 3056; x_wconf 91' lang='lat' dir='ltr'>‘Item,</span> <span class='ocrx_word' id='word_1_208' title='bbox 977 2978 1221 3043; x_wconf 91' lang='lat' dir='ltr'>iudices</span> <span class='ocrx_word' id='word_1_209' title='bbox 1266 2979 1581 3062; x_wconf 90' lang='lat' dir='ltr'>assignati</span> <span class='ocrx_word' id='word_1_210' title='bbox 1625 2980 1712 3044; x_wconf 91' lang='lat' dir='ltr'>ad</span> <span class='ocrx_word' id='word_1_211' title='bbox 1755 2978 2295 3044; x_wconf 79' lang='lat' dir='ltr'>reformacionem</span> <span class='ocrx_word' id='word_1_212' title='bbox 2327 2978 2708 3044; x_wconf 88' lang='lat' dir='ltr'>violacionis</span> <span class='ocrx_word' id='word_1_213' title='bbox 2751 2979 3021 3043; x_wconf 91' lang='lat' dir='ltr'>istarum</span> <span class='ocrx_word' id='word_1_214' title='bbox 3067 2988 3244 3044; x_wconf 90' lang='lat' dir='ltr'>treu-</span> 
     </span>
     <span class='ocr_line' id='line_1_28' title="bbox 539 3081 3245 3168; baseline -0 -23"><span class='ocrx_word' id='word_1_215' title='bbox 539 3100 793 3164; x_wconf 87' lang='lat' dir='ltr'>garum,</span> <span class='ocrx_word' id='word_1_216' title='bbox 823 3082 876 3146; x_wconf 90' lang='lat' dir='ltr'>si</span> <span class='ocrx_word' id='word_1_217' title='bbox 905 3082 1141 3147; x_wconf 91' lang='lat' dir='ltr'>alicam</span> <span class='ocrx_word' id='word_1_218' title='bbox 1176 3081 1313 3147; x_wconf 88' lang='lat' dir='ltr'>fieri</span> <span class='ocrx_word' id='word_1_219' title='bbox 1343 3085 1702 3166; x_wconf 89' lang='lat' dir='ltr'>contingat,</span> <span class='ocrx_word' id='word_1_220' title='bbox 1736 3083 1947 3168; x_wconf 89' lang='lat' dir='ltr'>ipsam</span> <span class='ocrx_word' id='word_1_221' title='bbox 1991 3083 2057 3147; x_wconf 91' lang='lat' dir='ltr'>in</span> <span class='ocrx_word' id='word_1_222' title='bbox 2105 3083 2263 3148; x_wconf 89' lang='lat' dir='ltr'>locis</span> <span class='ocrx_word' id='word_1_223' title='bbox 2302 3084 2388 3147; x_wconf 91' lang='lat' dir='ltr'>ad</span> <span class='ocrx_word' id='word_1_224' title='bbox 2424 3082 2551 3148; x_wconf 92' lang='lat' dir='ltr'>hoc</span> <span class='ocrx_word' id='word_1_225' title='bbox 2584 3083 2879 3147; x_wconf 87' lang='lat' dir='ltr'>maxime</span> <span class='ocrx_word' id='word_1_226' title='bbox 2902 3084 3245 3166; x_wconf 89' lang='lat' dir='ltr'>oportunis</span> 
     </span>
     <span class='ocr_line' id='line_1_29' title="bbox 538 3184 3245 3270; baseline 0 -22"><span class='ocrx_word' id='word_1_227' title='bbox 538 3194 606 3249; x_wconf 92' lang='lat' dir='ltr'>et</span> <span class='ocrx_word' id='word_1_228' title='bbox 657 3205 747 3249; x_wconf 90' lang='lat' dir='ltr'>ex</span> <span class='ocrx_word' id='word_1_229' title='bbox 805 3206 1068 3250; x_wconf 89' lang='lat' dir='ltr'>assensu</span> <span class='ocrx_word' id='word_1_230' title='bbox 1130 3187 1424 3270; x_wconf 89' lang='lat' dir='ltr'>parcium</span> <span class='ocrx_word' id='word_1_231' title='bbox 1485 3185 1708 3252; x_wconf 88' lang='lat' dir='ltr'>electis</span> <span class='ocrx_word' id='word_1_232' title='bbox 1766 3188 2075 3251; x_wconf 90' lang='lat' dir='ltr'>studeant</span> <span class='ocrx_word' id='word_1_233' title='bbox 2136 3187 2460 3252; x_wconf 89' lang='lat' dir='ltr'>resarcire.</span> <span class='ocrx_word' id='word_1_234' title='bbox 2553 3184 2862 3250; x_wconf 88' lang='lat' dir='ltr'>Ceterum</span> <span class='ocrx_word' id='word_1_235' title='bbox 2909 3186 2973 3248; x_wconf 93' lang='lat' dir='ltr'>in</span> <span class='ocrx_word' id='word_1_236' title='bbox 3033 3184 3245 3250; x_wconf 91' lang='lat' dir='ltr'>causis</span> 
     </span>
     <span class='ocr_line' id='line_1_30' title="bbox 540 3288 3243 3374; baseline 0 -23"><span class='ocrx_word' id='word_1_237' title='bbox 540 3288 813 3353; x_wconf 88' lang='lat' dir='ltr'>istarum</span> <span class='ocrx_word' id='word_1_238' title='bbox 873 3298 1251 3374; x_wconf 89' lang='lat' dir='ltr'>treugarum</span> <span class='ocrx_word' id='word_1_239' title='bbox 1325 3288 1704 3355; x_wconf 88' lang='lat' dir='ltr'>firmitatem</span> <span class='ocrx_word' id='word_1_240' title='bbox 1771 3292 2312 3356; x_wconf 87' lang='lat' dir='ltr'>concernentibus</span> <span class='ocrx_word' id='word_1_241' title='bbox 2383 3290 2514 3355; x_wconf 90' lang='lat' dir='ltr'>sint</span> <span class='ocrx_word' id='word_1_242' title='bbox 2589 3290 2834 3355; x_wconf 90' lang='lat' dir='ltr'>iudices</span> <span class='ocrx_word' id='word_1_243' title='bbox 2903 3289 3243 3355; x_wconf 89' lang='lat' dir='ltr'>constituti</span> 
     </span>
     <span class='ocr_line' id='line_1_31' title="bbox 538 3393 3245 3479; baseline -0 -22"><span class='ocrx_word' id='word_1_244' title='bbox 538 3393 1063 3479; x_wconf 85' lang='lat' dir='ltr'>constabularius</span> <span class='ocrx_word' id='word_1_245' title='bbox 1121 3404 1189 3459; x_wconf 92' lang='lat' dir='ltr'>et</span> <span class='ocrx_word' id='word_1_246' title='bbox 1250 3395 1668 3459; x_wconf 88' lang='lat' dir='ltr'>marescallus</span> <span class='ocrx_word' id='word_1_247' title='bbox 1712 3395 1959 3478; x_wconf 91' lang='lat' dir='ltr'>Anglie</span> <span class='ocrx_word' id='word_1_248' title='bbox 2017 3405 2085 3459; x_wconf 93' lang='lat' dir='ltr'>et</span> <span class='ocrx_word' id='word_1_249' title='bbox 2129 3415 2351 3460; x_wconf 86' lang='lat' dir='ltr'>comes</span> <span class='ocrx_word' id='word_1_250' title='bbox 2396 3393 2782 3459; x_wconf 91' lang='lat' dir='ltr'>Lancastrie</span> <span class='ocrx_word' id='word_1_251' title='bbox 2824 3402 2892 3457; x_wconf 90' lang='lat' dir='ltr'>et</span> <span class='ocrx_word' id='word_1_252' title='bbox 2937 3393 3245 3457; x_wconf 87' lang='lat' dir='ltr'>dominus</span> 
     </span>
     <span class='ocr_line' id='line_1_32' title="bbox 538 3494 3245 3583; baseline 0 -23"><span class='ocrx_word' id='word_1_253' title='bbox 538 3494 1047 3561; x_wconf 88' lang='lat' dir='ltr'>Bartholomeus</span> <span class='ocrx_word' id='word_1_254' title='bbox 1091 3499 1177 3563; x_wconf 91' lang='lat' dir='ltr'>de</span> <span class='ocrx_word' id='word_1_255' title='bbox 1219 3497 1665 3582; x_wconf 88' lang='lat' dir='ltr'>Bourghasch,</span> <span class='ocrx_word' id='word_1_256' title='bbox 1701 3519 1790 3563; x_wconf 88' lang='lat' dir='ltr'>ex</span> <span class='ocrx_word' id='word_1_257' title='bbox 1836 3510 2024 3583; x_wconf 90' lang='lat' dir='ltr'>parte</span> <span class='ocrx_word' id='word_1_258' title='bbox 2061 3499 2232 3582; x_wconf 89' lang='lat' dir='ltr'>regis</span> <span class='ocrx_word' id='word_1_259' title='bbox 2268 3497 2555 3582; x_wconf 89' lang='lat' dir='ltr'>Anglie;</span> <span class='ocrx_word' id='word_1_260' title='bbox 2617 3496 2795 3575; x_wconf 92' lang='lat' dir='ltr'>item,</span> <span class='ocrx_word' id='word_1_261' title='bbox 2827 3495 3245 3563; x_wconf 89' lang='lat' dir='ltr'>constabula-</span> 
     </span>
     <span class='ocr_line' id='line_1_33' title="bbox 538 3599 3245 3670; baseline 0 -6"><span class='ocrx_word' id='word_1_262' title='bbox 538 3601 673 3664; x_wconf 88' lang='lat' dir='ltr'>rius</span> <span class='ocrx_word' id='word_1_263' title='bbox 702 3612 769 3664; x_wconf 91' lang='lat' dir='ltr'>et</span> <span class='ocrx_word' id='word_1_264' title='bbox 812 3601 1232 3667; x_wconf 81' lang='lat' dir='ltr'>marescallus</span> <span class='ocrx_word' id='word_1_265' title='bbox 1269 3602 1544 3668; x_wconf 90' lang='lat' dir='ltr'>Francie</span> <span class='ocrx_word' id='word_1_266' title='bbox 1579 3613 1645 3668; x_wconf 92' lang='lat' dir='ltr'>et</span> <span class='ocrx_word' id='word_1_267' title='bbox 1681 3624 1904 3670; x_wconf 87' lang='lat' dir='ltr'>comes</span> <span class='ocrx_word' id='word_1_268' title='bbox 1942 3603 2284 3668; x_wconf 89' lang='lat' dir='ltr'>Dactoens</span> <span class='ocrx_word' id='word_1_269' title='bbox 2323 3613 2390 3667; x_wconf 91' lang='lat' dir='ltr'>et</span> <span class='ocrx_word' id='word_1_270' title='bbox 2434 3602 2743 3667; x_wconf 90' lang='lat' dir='ltr'>dominus</span> <span class='ocrx_word' id='word_1_271' title='bbox 2787 3599 3121 3666; x_wconf 87' lang='lat' dir='ltr'>Galsridus</span> <span class='ocrx_word' id='word_1_272' title='bbox 3158 3601 3245 3665; x_wconf 89' lang='lat' dir='ltr'>de</span> 
     </span>
     <span class='ocr_line' id='line_1_34' title="bbox 539 3703 1697 3791; baseline 0 -20"><span class='ocrx_word' id='word_1_273' title='bbox 539 3703 830 3788; x_wconf 84' lang='lat' dir='ltr'>Chamy,</span> <span class='ocrx_word' id='word_1_274' title='bbox 862 3726 950 3769; x_wconf 88' lang='lat' dir='ltr'>ex</span> <span class='ocrx_word' id='word_1_275' title='bbox 982 3717 1169 3791; x_wconf 90' lang='lat' dir='ltr'>parte</span> <span class='ocrx_word' id='word_1_276' title='bbox 1205 3707 1375 3790; x_wconf 88' lang='lat' dir='ltr'>regis</span> <span class='ocrx_word' id='word_1_277' title='bbox 1405 3706 1697 3773; x_wconf 88' lang='lat' dir='ltr'>Francie.</span> 
     </span>
    </p>

    <p class='ocr_par' dir='ltr' id='par_1_10' title="bbox 536 3805 3243 4208">
     <span class='ocr_line' id='line_1_35' title="bbox 716 3805 3242 3895; baseline -0 -23"><span class='ocrx_word' id='word_1_278' title='bbox 716 3809 1030 3894; x_wconf 89' lang='lat' dir='ltr'>‘Insuper</span> <span class='ocrx_word' id='word_1_279' title='bbox 1061 3820 1159 3874; x_wconf 88' lang='lat' dir='ltr'>est</span> <span class='ocrx_word' id='word_1_280' title='bbox 1190 3812 1568 3875; x_wconf 89' lang='lat' dir='ltr'>ordinatum</span> <span class='ocrx_word' id='word_1_281' title='bbox 1599 3813 1779 3895; x_wconf 88' lang='lat' dir='ltr'>quod</span> <span class='ocrx_word' id='word_1_282' title='bbox 1810 3821 2039 3895; x_wconf 90' lang='lat' dir='ltr'>treuge</span> <span class='ocrx_word' id='word_1_283' title='bbox 2079 3810 2200 3875; x_wconf 88' lang='lat' dir='ltr'>iste</span> <span class='ocrx_word' id='word_1_284' title='bbox 2229 3810 2360 3874; x_wconf 92' lang='lat' dir='ltr'>sint</span> <span class='ocrx_word' id='word_1_285' title='bbox 2391 3808 2700 3894; x_wconf 90' lang='lat' dir='ltr'>pupplice</span> <span class='ocrx_word' id='word_1_286' title='bbox 2741 3805 3146 3893; x_wconf 91' lang='lat' dir='ltr'>proclamate</span> <span class='ocrx_word' id='word_1_287' title='bbox 3177 3807 3242 3871; x_wconf 91' lang='lat' dir='ltr'>in</span> 
     </span>
     <span class='ocr_line' id='line_1_36' title="bbox 537 3911 3242 3993; baseline -0.001 -16"><span class='ocrx_word' id='word_1_288' title='bbox 537 3911 868 3977; x_wconf 88' lang='lat' dir='ltr'>Vasconia</span> <span class='ocrx_word' id='word_1_289' title='bbox 902 3924 969 3978; x_wconf 91' lang='lat' dir='ltr'>et</span> <span class='ocrx_word' id='word_1_290' title='bbox 1002 3912 1338 3979; x_wconf 89' lang='lat' dir='ltr'>Britannia</span> <span class='ocrx_word' id='word_1_291' title='bbox 1372 3914 1537 3979; x_wconf 87' lang='lat' dir='ltr'>infra</span> <span class='ocrx_word' id='word_1_292' title='bbox 1567 3917 1744 3980; x_wconf 90' lang='lat' dir='ltr'>diem</span> <span class='ocrx_word' id='word_1_293' title='bbox 1779 3916 2182 3993; x_wconf 89' lang='lat' dir='ltr'>vicesimum,</span> <span class='ocrx_word' id='word_1_294' title='bbox 2225 3924 2295 3978; x_wconf 91' lang='lat' dir='ltr'>et</span> <span class='ocrx_word' id='word_1_295' title='bbox 2331 3915 2397 3978; x_wconf 90' lang='lat' dir='ltr'>in</span> <span class='ocrx_word' id='word_1_296' title='bbox 2433 3912 2671 3978; x_wconf 88' lang='lat' dir='ltr'>Scocia</span> <span class='ocrx_word' id='word_1_297' title='bbox 2701 3912 2867 3977; x_wconf 79' lang='lat' dir='ltr'>infra</span> <span class='ocrx_word' id='word_1_298' title='bbox 2902 3912 3081 3977; x_wconf 91' lang='lat' dir='ltr'>diem</span> <span class='ocrx_word' id='word_1_299' title='bbox 3126 3913 3242 3975; x_wconf 89' lang='lat' dir='ltr'>tri·</span> 
     </span>
     <span class='ocr_line' id='line_1_37' title="bbox 536 4015 3240 4102; baseline 0 -22"><span class='ocrx_word' id='word_1_300' title='bbox 536 4016 875 4093; x_wconf 86' lang='lat' dir='ltr'>cesimum,</span> <span class='ocrx_word' id='word_1_301' title='bbox 935 4039 978 4083; x_wconf 89' lang='lat' dir='ltr'>a</span> <span class='ocrx_word' id='word_1_302' title='bbox 1036 4019 1144 4082; x_wconf 90' lang='lat' dir='ltr'>die</span> <span class='ocrx_word' id='word_1_303' title='bbox 1201 4017 1723 4084; x_wconf 89' lang='lat' dir='ltr'>confirmacionis</span> <span class='ocrx_word' id='word_1_304' title='bbox 1781 4022 2163 4092; x_wconf 78' lang='lat' dir='ltr'>earumdem</span> <span class='ocrx_word' id='word_1_305' title='bbox 2224 4030 2622 4102; x_wconf 90' lang='lat' dir='ltr'>treugarum,</span> <span class='ocrx_word' id='word_1_306' title='bbox 2680 4016 2839 4102; x_wconf 89' lang='lat' dir='ltr'>ipsis</span> <span class='ocrx_word' id='word_1_307' title='bbox 2899 4036 3104 4098; x_wconf 90' lang='lat' dir='ltr'>usque</span> <span class='ocrx_word' id='word_1_308' title='bbox 3155 4015 3240 4080; x_wconf 90' lang='lat' dir='ltr'>ad</span> 
     </span>
     <span class='ocr_line' id='line_1_38' title="bbox 538 4115 3243 4208; baseline -0 -24"><span class='ocrx_word' id='word_1_309' title='bbox 538 4119 778 4192; x_wconf 77' lang='lat' dir='ltr'>festum</span> <span class='ocrx_word' id='word_1_310' title='bbox 825 4122 1031 4188; x_wconf 88' lang='lat' dir='ltr'>sancti</span> <span class='ocrx_word' id='word_1_311' title='bbox 1080 4122 1382 4190; x_wconf 88' lang='lat' dir='ltr'>Barnabe</span> <span class='ocrx_word' id='word_1_312' title='bbox 1417 4122 1731 4208; x_wconf 83' lang='lat' dir='ltr'>Apostoli</span> <span class='ocrx_word' id='word_1_313' title='bbox 1770 4125 2152 4208; x_wconf 87' lang='lat' dir='ltr'>proximum</span> <span class='ocrx_word' id='word_1_314' title='bbox 2199 4143 2476 4206; x_wconf 89' lang='lat' dir='ltr'>sequens</span> <span class='ocrx_word' id='word_1_315' title='bbox 2511 4123 2869 4187; x_wconf 83' lang='lat' dir='ltr'>dumtaxat</span> <span class='ocrx_word' id='word_1_316' title='bbox 2901 4115 3243 4184; x_wconf 59' lang='lat' dir='ltr'>valituris?</span> 
     </span>
    </p>
   </div>
   <div class='ocr_carea' id='block_1_5' title="bbox 1754 4242 2024 4300">
    <p class='ocr_par' dir='ltr' id='par_1_11' title="bbox 1754 4242 2024 4300">
     <span class='ocr_line' id='line_1_39' title="bbox 1754 4242 2024 4300; baseline -0.007 1"><span class='ocrx_word' id='word_1_317' title='bbox 1754 4242 1918 4300; x_wconf 71' lang='grc' dir='ltr'>ὀνκ.</span> <span class='ocrx_word' id='word_1_318' title='bbox 1957 4245 2024 4299; x_wconf 90' lang='grc' dir='ltr'>Β.</span> 
     </span>
    </p>
   </div>
  </div>
 </body>
</html>
