4154 4895
950 272 975 318 1
988 268 1075 337 50
1815 262 1864 318 C
1862 261 2185 319 HRONIC
2183 262 2306 319 ΟΝ
2345 262 2758 320 GALFRID!

593 466 910 518 ⁴21⁸&-
946 463 1149 529 armis
1227 462 1533 529 invasivis
1593 462 1905 528 virilitate
1976 482 2132 528 seva
2193 461 2559 535 confractis,
2627 462 2900 528 tandem
2979 462 3401 531 multitudine
3475 465 3658 531 solus

654 557 856 573 —
944 585 1249 670 stipatus,
1279 585 1502 651 orride
1536 584 1796 650 saucius
1825 604 1903 650 ac
1932 583 2123 649 vivus
2155 595 2404 668 raptus,
2432 582 2655 668 precio
2684 581 2916 649 salutis
2947 598 3314 653 reservatus
3340 598 3460 653 est.

1123 705 1394 771 Interim
1456 706 1663 772 nostri
1723 726 1878 771 suos
1923 706 2272 771 wlneratos
2328 706 2456 771 sub
2514 705 2736 771 dumis
2779 716 2848 771 et
2893 707 3164 791 sepibus
3208 708 3656 793 applicabant,

946 827 1057 894 alii
1103 826 1366 895 lanceas
1408 839 1615 912 atque
1662 848 2024 905 mucrones,
2070 829 2208 894 suis
2258 827 2555 893 contritis
2601 827 3008 913 integriores,
3052 849 3093 895 a
3138 829 3412 897 devietis
3459 852 3653 917 rapu-

944 959 1154 1027 erunt,
1177 960 1245 1015 et
1268 950 1751 1015 architenenses
1780 961 2086 1015 extraere
2114 949 2390 1033 sagittas
2420 971 2461 1014 a
2493 949 2870 1015 miserrimis
2891 950 3221 1017 semivivis
3244 950 3652 1019 festinarunt.

948 1071 1105 1137 Non
1150 1083 1289 1137 erat
1343 1070 1579 1155 aliquis
1632 1092 1762 1137 non
1808 1071 2160 1137 wlneratus
2204 1081 2322 1137 aut
2366 1071 2617 1137 eximio
2665 1071 2891 1137 labore
2937 1071 3164 1151 sessus,
3207 1074 3449 1140 demtis
3493 1076 3650 1139 solis

944 1193 1461 1279 quadringentis,
1531 1193 1646 1277 qui
1735 1192 1985 1258 vexillo
2059 1191 2401 1277 principali
2482 1192 2990 1269 subservierunt,
3065 1194 3153 1260 ad
3242 1194 3646 1261 obviandum

944 1325 1264 1383 coronato
1308 1334 1556 1399 sueque
1603 1314 1842 1380 milicie
1888 1314 2218 1380 reservati.

1121 1436 1389 1503 Delfino
1417 1436 1640 1502 taliter
1670 1435 2041 1521 profugato,
2071 1435 2346 1519 quidam
2378 1434 2595 1519 campi
2628 1435 3115 1520 contemplator
3143 1439 3229 1504 ad
3262 1454 3648 1505 coronatum

943 1558 1142 1633 venit,
1190 1558 1283 1624 ita
1341 1558 1599 1624 dicens:
1664 1557 2008 1631 ‘Domine‚
2051 1577 2327 1642 campus
2371 1554 2673 1639 Anglicis
2730 1557 2944 1629 cessit,
2989 1570 3056 1625 et
3102 1560 3412 1626 dominus
3465 1582 3652 1627 meus

943 1691 1159 1747 vester
1202 1680 1681 1765 primogenitus
1724 1700 1797 1744 se
1842 1675 2161 1744 retraxit!
2250 1678 2375 1745 Cui
2429 1677 2849 1761 respondens,
2892 1692 3246 1745 coronatus
3291 1682 3648 1747 inviolabili

945 1822 1070 1868 suo
1126 1814 1539 1867 sacramento
1599 1798 1835 1865 iuravit
1896 1801 2077 1883 quod
2138 1818 2269 1865 non
2333 1797 2446 1863 illo
2503 1799 2612 1863 die
2671 1799 2837 1864 foret
2881 1820 3191 1885 campum
3250 1803 3652 1875 deserturus.

598 1925 710 1977 The
949 1922 1070 1989 nisi
1136 1936 1371 2007 captus
1431 1921 1535 1985 vel
1600 1922 1855 1988 occisus
1915 1932 1982 1987 et
2059 1921 2152 1986 ita
2225 1920 2546 1986 violenter
2617 1921 2963 1986 abductus.
3085 1922 3267 2007 Ergo
3343 1924 3650 1991 iubentur

595 2058 862 2109 suevum
948 2044 1270 2110 vexillarii
1327 2044 1702 2128 procedere,
1747 2063 1915 2126 quos
1974 2043 2324 2107 subsecuta
2385 2060 2736 2107 numerosa
2789 2042 2984 2107 nimis
3027 2059 3283 2111 armata
3331 2067 3564 2111 manus
3607 2070 3650 2112 a

944 2166 1116 2231 valle
1160 2166 1472 2230 secedens
1519 2165 1582 2229 in
1628 2184 1867 2248 campo
1926 2164 2230 2248 spacioso
2279 2164 2517 2228 nostris
2563 2163 2908 2251 optutibus
2953 2186 3023 2231 se
3068 2168 3512 2251 presentavit3
3578 2180 3648 2234 et

944 2286 1213 2352 incussit
1271 2286 1807 2369 desperacionem
1869 2285 2167 2350 vincendi
2236 2284 2299 2349 in
2347 2296 2603 2350 tantum
2662 2286 2842 2368 quod
2898 2285 3166 2369 quidam
3216 2308 3454 2371 magne
3497 2310 3650 2373 pro-

944 2407 1175 2474 bitatis
1217 2417 1443 2473 astans
1489 2406 1765 2491 principi
1811 2406 1904 2472 sic
1962 2405 2272 2472 eiulavit:
2349 2413 2364 2440 ⁴
2391 2404 2595 2472 Hewl
2649 2407 2804 2474 victi
2849 2404 3311 2475 deficiemusl'
3401 2408 3648 2494 Quem.

945 2528 1257 2595 fiduciam
1324 2529 1625 2612 ingerens
1689 2527 1752 2591 in
1818 2526 2088 2594 Christo
2152 2525 2668 2611 Christiseraque
2733 2528 2985 2612 virgine
3041 2529 3276 2604 Maria.
3339 2531 3648 2598 dominus

948 2649 1254 2736 princeps
1319 2650 1412 2716 sic
1474 2649 1952 2732 redarguebat:
2026 2643 2406 2724 ‘Mentiris,’
2455 2649 2688 2732 inquit,
2732 2650 3055 2734 ‘pessime
3115 2671 3361 2726 vecors,
3421 2652 3477 2718 si
3541 2673 3650 2720 me

594 2783 743 2860 7:¹²⁸.
944 2772 1169 2837 vivum
1232 2792 1427 2857 posse
1486 2769 1656 2836 vinci
1721 2768 2168 2835 blasfemeris’
2257 2769 2411 2834 Non
2475 2770 2616 2835 sola
2679 2782 2939 2836 nostros
3001 2769 3362 2837 multitudo
3415 2775 3646 2839 terruit

594 2847 880 3031 &a
946 2892 1227 2966 hostilis,
1272 2903 1371 2958 set
1415 2892 1861 2958 consideracio
1921 2903 2144 2956 nostre
2203 2891 2531 2957 facultatis
2591 2892 2972 2958 notabiliter
3032 2893 3344 2978 peiorate.
3471 2893 3644 2960 cum

945 3015 1073 3081 hoc
1133 3014 1309 3080 enim
1374 3015 1557 3098 quod
1624 3011 1812 3078 multi
1864 3015 1951 3078 de
1997 3013 2238 3079 nostris
2284 3013 2558 3079 sauciati
2622 3015 2990 3079 necessario
3035 3015 3360 3080 vacabant
3404 3036 3444 3080 a
3489 3035 3644 3082 con·

944 3135 1146 3210 flictu,
1195 3136 1393 3201 ceteri
1440 3134 1572 3200 sere
1617 3135 1833 3200 cuncti
1881 3133 2144 3199 suerunt
2189 3135 2380 3199 nimis
2417 3134 2674 3216 fatigati
2720 3147 2786 3199 et
2825 3135 3144 3218 sagittarii
3177 3137 3450 3218 sagittas
3493 3157 3646 3201 suas

943 3259 1494 3344 expendiderunt.
1588 3256 1891 3321 Preterea
1923 3256 2308 3340 capitaneus
2336 3255 2422 3321 de
2453 3255 2513 3320 la
2557 3255 2833 3330 Busche,
2865 3257 2964 3320 vir
2993 3256 3240 3320 eximie
3281 3259 3646 3341 probitatis,

945 3390 1017 3444 ut
1066 3378 1351 3464 primum
1387 3378 1552 3442 vidit
1593 3378 2085 3462 progrediencia
2132 3390 2348 3443 castra
2390 3377 2709 3448 coronati,
2749 3377 2954 3462 petita
3001 3377 3310 3462 principis
3356 3376 3644 3450 licencia.

945 3501 1211 3564 recessit
1256 3519 1408 3565 cum
1455 3499 1807 3580 sexaginta
1851 3498 2100 3581 togatis
2158 3508 2226 3563 et
2270 3517 2326 3563 c.
2373 3499 2744 3580 sagittariis,
2790 3518 2988 3581 quem
3033 3498 3119 3563 de
3165 3499 3407 3562 nostris
3453 3497 3642 3564 multi

945 3631 1262 3706 putarunt
1321 3620 1673 3702 abfugisse.
1797 3618 1899 3683 Ea
1958 3632 2230 3704 propter
2287 3620 2515 3696 nostri,
2559 3619 2838 3685 ducibus
2883 3619 3196 3703 exceptis,
3241 3619 3326 3683 de
3371 3619 3644 3686 victoria

940 3743 1381 3826 desperantes
1430 3741 1579 3806 Deo
1620 3760 1693 3804 se
1752 3750 1933 3804 totos
1976 3741 2470 3818 comendarunt,
2516 3753 2602 3814 et,
2646 3740 2851 3804 vitam
2912 3740 3102 3822 quasi
3146 3739 3306 3804 nihil
3351 3741 3644 3824 appreci-

592 3877 831 3926 Adnnoe
944 3877 1149 3938 antes,
1196 3863 1411 3928 solum
1455 3862 1837 3942 cogitabant
1884 3882 1965 3926 ne
2013 3873 2421 3927 morerentur
2465 3860 2586 3926 soli
2631 3860 2736 3926 vel
2784 3860 2993 3926 inulti.
3109 3860 3298 3928 Tunc
3345 3863 3646 3947 princepe

594 3945 844 4122 {11:2th
945 3984 1130 4051 iuuit
1197 4003 1392 4050 suum
1460 3982 1863 4068 signiferum,
1928 3983 2275 4047 dominum
2340 3981 2709 4048 walterum
2770 3983 2858 4048 de
2923 3979 3354 4060 wodeloride,
3421 4003 3648 4048 verum

648 4074 782 4123 '⁸¹⁶’
942 4105 1208 4171 hostilia
1252 4105 1439 4188 signa
1486 4126 1557 4170 se
1604 4126 1907 4180 movere;
1968 4116 2035 4171 et
2081 4125 2232 4171 cum
2280 4103 2507 4190 paucis
2549 4104 2687 4168 suis
2731 4102 3102 4169 recentibus
3144 4103 3410 4168 obviam
3455 4105 3643 4168 dedit

943 4227 1260 4294 exercitui
1310 4247 1548 4311 magno
1593 4227 1909 4292 coronati.
2002 4224 2164 4292 Ilico
2214 4224 2482 4293 classica
2528 4237 2906 4296 sonuerunt,
2952 4245 3104 4288 nam
3151 4225 3312 4290 tube
3357 4222 3532 4289 lituis
3575 4239 3640 4290 et
