4154 4895
1260 291 1369 345 LE
1413 290 1706 345 BAKER
1750 289 1870 345 DE
1914 289 2538 347 SWYNEBROKE.
3137 297 3260 366 159

549 488 914 566 Dominice,
943 488 1055 573 qui
1087 487 1337 573 primus
1362 496 1430 552 et
1460 507 1758 552 summus
1789 487 2094 572 pontifex
2124 490 2298 553 sedit
2330 490 2394 552 in
2425 487 2554 553 hoc
2591 488 2840 553 mundo
2871 489 3113 572 xxxiij.
3146 510 3264 554 an-

545 613 646 675 nis
691 620 761 675 et
803 620 1129 695 quantum
1176 618 1276 673 est
1306 631 1345 674 a
1394 608 1624 673 Natali
1670 629 1878 692 usque
1913 610 1999 674 ad
2048 610 2320 690 Pascha,
2354 612 2537 693 quod
2571 621 2798 675 tamen
2832 631 2951 694 pro
2982 612 3262 676 dimidio

545 753 716 797 anno
775 741 1216 816 computatur,
1280 730 1643 795 secundum
1708 728 2265 795 Chrisostomum.
2389 731 2651 796 Eodem
2716 752 2890 795 anno
2956 730 3260 797 Christus

547 855 748 919 fertur
778 854 844 917 in
881 854 1224 938 Egiptum,
1256 863 1322 917 et
1355 853 1419 916 in
1448 853 1735 936 septimo
1764 874 1805 917 a
1836 853 2210 917 Nativitate
2242 853 2306 916 in
2339 851 2619 917 Iudeam
2656 854 3022 917 revertitur.

720 976 915 1038 xxix.
1009 974 1339 1039 Iohannes
1372 973 1674 1056 Baptista
1706 973 2071 1056 predicavit
2109 974 2524 1057 baptismum
2567 975 2959 1057 penitencie.
3054 974 3149 1037 Et
3193 973 3257 1036 in

549 1095 855 1179 proximo
884 1116 1058 1159 anno
1087 1103 1404 1177 sequente
1433 1093 1802 1177 baptizavit
1836 1092 2176 1158 Christum
2210 1095 2274 1157 in
2311 1095 2616 1158 Iordanis
2648 1093 2939 1158 flumine.

2754 1213 3172 1297 M.CCC.xviij.

724 1334 918 1417 xxxj.
1010 1334 1315 1400 Christus
1360 1335 1686 1401 convertit
1730 1354 1975 1418 aquam
2023 1334 2089 1398 in
2139 1335 2384 1413 vinum,
2430 1336 2612 1418 quod
2654 1336 2777 1400 fuit
2816 1336 3083 1402 inicium
3129 1335 3260 1417 sig-

551 1476 782 1521 norum
816 1457 972 1520 eius.
1054 1456 1143 1520 Et
1174 1476 1350 1521 anno
1380 1457 1679 1539 sequenti
1717 1453 2048 1520 Iohannes
2077 1455 2384 1540 Baptista
2409 1458 2533 1522 sub
2563 1455 2842 1521 Herode
2871 1454 3260 1522 decollatur.

2795 1577 3171 1659 M.CCC.xvj.

726 1698 968 1780 xxxiij.
1096 1698 1422 1761 Dominus
1482 1708 1707 1762 noster
1768 1698 1951 1762 Iesus
2014 1697 2319 1763 Christus
2364 1697 2783 1780 crucifigitur.
2877 1698 2969 1764 Et
3021 1700 3260 1764 eodem

552 1838 741 1894 ann0‚
773 1820 1132 1884 secundum
1165 1818 1511 1902 quosdam,
1548 1817 1929 1903 Stephanus
1961 1818 2435 1903 prothomartir
2465 1839 2507 1884 a
2538 1819 2761 1884 Iudeis
2794 1818 3142 1904 lapidatur.

2772 1940 3170 2021 M.Ccc.xiiij.

725 2059 991 2143 xxxiiij.
1083 2058 1330 2126 Beatus
1376 2060 1608 2125 Petrus
1653 2058 2034 2126 cathedram
2082 2060 2564 2126 sacerdotalem
2604 2060 2668 2123 in
2705 2062 3006 2144 partibus
3048 2062 3261 2125 orien-

552 2180 797 2246 talibus
839 2182 1056 2265 primo
1096 2182 1309 2246 tenuit
1345 2180 1491 2264 iiij⁰²
1520 2181 1748 2257 annis3
1796 2182 1908 2245 ubi
1940 2181 2225 2263 primam
2266 2183 2537 2246 missam
2575 2181 2947 2260 celebravit,
2976 2182 3260 2246 dicendo

552 2303 1019 2367 tantummodo
1052 2302 1249 2367 Pater
1288 2311 1527 2366 noster.
1618 2301 1710 2366 Et
1750 2322 1924 2367 anno
1967 2303 2271 2385 sequenti
2315 2302 2558 2367 Paulus
2601 2303 2944 2385 apostolus
2989 2323 3261 2369 conver-

553 2426 716 2489 titur
748 2432 816 2490 et
847 2423 1060 2490 fidelis
1088 2423 1464 2508 predicator
1493 2424 1789 2489 efficitur.
2796 2424 3175 2507 M.CCC.xiij.

728 2545 1012 2629 xxxviij.
1105 2545 1337 2611 Petrus
1378 2546 1558 2628 apud
1588 2544 2020 2610 Antiochiam
2068 2546 2455 2612 cathedram
2489 2546 2934 2631 episcopalem
2980 2547 3264 2630 adeptus

554 2676 671 2745 est,
696 2667 807 2733 ubi
831 2667 1004 2732 sedit
1027 2663 1137 2748 vij.
1166 2666 1374 2730 annis.
1442 2665 1649 2730 Anno
1679 2668 1970 2733 secundo
2000 2676 2153 2750 post
2187 2665 2495 2732 Matheus
2526 2667 2952 2751 ewangelista
2981 2667 3260 2751 scripsit.

2843 2788 3171 2852 M.ccc.ix.

728 2908 868 2990 xlij.
956 2907 1074 2973 Ab
1115 2908 1572 2991 assumpcione
1610 2907 1822 2973 Marie
1851 2906 2140 2990 virginiS‚
2171 2928 2321 2973 cum
2369 2920 2545 2974 esset
2574 2929 2898 2974 annorum
2938 2907 3079 2990 liiij.
3170 2907 3261 2972 Et

554 3049 727 3095 anno
758 3030 1066 3113 proximo
1099 3029 1362 3094 Marcus
1392 3027 1817 3113 ewangelista
1848 3028 2285 3112 ewangelium
2317 3031 2548 3096 edidit.
2873 3044 3172 3095 M.Ccc.v.

727 3150 863 3215 xlv.
956 3150 1186 3214 Petrus
1216 3149 1555 3234 apostolus
1584 3150 1763 3235 apud
1812 3150 2101 3215 Romam
2147 3172 2308 3214 xxv.
2342 3151 2546 3229 annis,
2576 3150 2686 3233 vij.
2733 3150 3084 3228 mensibus,
3127 3149 3260 3232 viij.

554 3272 808 3351 diebus,
838 3270 1298 3355 pontificatum
1329 3272 1562 3336 tenuit.
2865 3272 3174 3355 M.ccc.ij.

730 3391 893 3475 lxiij.
987 3392 1271 3483 Iacobus
1302 3391 1501 3458 frater
1531 3393 1824 3468 Domini,
1856 3392 1970 3477 qui
1997 3393 2218 3457 Iustus
2248 3391 2642 3477 appellatur,
2675 3393 2762 3457 ab
2791 3391 3010 3476 impiis
3043 3392 3264 3457 Iudeis

558 3513 906 3598 lapidatur.
2688 3512 3173 3595 M.CC.lxxxiiij.

729 3633 874 3698 lxx.
965 3634 1216 3709 PetruS,
1270 3654 1420 3699 cum
1474 3634 1922 3718 apostolatum
1984 3635 2051 3697 in
2111 3633 2506 3717 supradictis
2556 3632 2719 3698 locis
2777 3633 3013 3716 xxxvj.
3075 3635 3263 3698 annis

555 3754 891 3830 tenuisset,
938 3755 1065 3819 sub
1110 3755 1378 3819 Nerone
1423 3753 1948 3820 Christianorum
1984 3765 2421 3839 *persecutore
2468 3753 2887 3837 crucifigitur.
3001 3753 3260 3819 Eodem

553 3895 749 3954 ann0‚
777 3876 1010 3940 eodem
1041 3876 1172 3953 die,
1202 3886 1270 3941 et
1300 3877 1423 3941 sub
1456 3877 1693 3941 eodem
1736 3885 2177 3959 persecutore,
2211 3857 2453 3940 Paulus
2493 3874 2836 3958 apostolus
2878 3875 3260 3940 decollatur.

557 3997 648 4062 Et
683 4007 959 4079 uterque
983 3998 1162 4080 apud
1197 3996 1485 4062 Romam
1516 3997 1848 4081 sepelitur.
2745 3995 3172 4079 M.cc.lxxvij.

729 4116 899 4201 lxxj.
990 4118 1238 4183 Beatus
1269 4117 1476 4182 Linus
1506 4120 1685 4202 apud
1722 4119 2034 4196 Romam,
2065 4116 2453 4182 immediate
2491 4126 2643 4202 post
2676 4116 2963 4196 Petrum,
2995 4116 3261 4202 pontifi-

555 4248 778 4304 catum
823 4239 1130 4322 suscepit,
1160 4249 1247 4315 et,
1277 4259 1429 4305 curn
1475 4240 1754 4305 sedisset
1798 4238 1892 4322 xj.
1925 4240 2116 4304 annis
2154 4246 2224 4303 et
2260 4237 2423 4321 iiij⁰².
2458 4237 2807 4318 mensibus,
2840 4238 3132 4303 martirio
3162 4246 3262 4303 est

3348 4125 3386 4175 t.
3411 4124 3560 4176 150⁸.
