4154 4895
966 291 1089 363 132
1851 282 1899 338 C
1897 282 2221 341 HRONIC
2221 282 2342 339 ΟΝ
2383 281 2793 340 GALFRID!

608 501 920 553 Anna.
961 482 1224 560 maban,
1280 488 1572 566 quatuor
1644 480 1863 545 leucas
1936 480 2342 547 distantem¹
2419 501 2461 545 a
2522 480 2794 555 Tolosa,
2865 479 3236 564 suspicatos
3299 480 3661 546 adventum

613 591 867 695 2032-

621 1350 677 1401 31
750 1371 786 1397 n

624 1955 642 1991 1
677 1942 805 1993 Nov.

959 601 1291 668 exercitus
1335 602 1421 667 ad
1468 601 1884 669 obsidionem
1931 601 2181 669 Tolose
2201 601 2247 667 ².
2340 603 2471 667 Die
2499 602 2757 668 veneris
2799 601 3197 667 transierunt
3243 614 3492 667 rectum
3540 602 3666 666 iter

958 723 1211 808 regium
1244 742 1472 788 versus
1503 723 1902 788 Avinionam
1938 745 2056 807 per
2097 725 2343 789 bonam
2375 724 2600 790 villam
2632 725 2719 789 de
2753 721 2994 807 Basige
3019 719 3046 760 ⁸
3089 731 3158 789 et
3186 721 3363 788 Ville
3396 722 3665 800 franke3

959 856 1029 910 et
1075 854 1256 910 totus
1299 843 1629 909 exercitus
1671 844 1793 908 suit
1833 846 2165 928 ospitatus
2207 845 2293 910 ad
2341 864 2652 929 magnam
2698 843 2917 909 villam
2963 854 3268 909 vocatam
3302 842 3596 908 Avionet
3619 842 3668 919 ⁸,

961 985 1093 1049 que
1124 975 1265 1030 erat
1296 965 1593 1030 coronati
1627 964 2051 1043 Francorum,
2084 965 2300 1030 media
2330 967 2632 1032 custodia
2677 977 2743 1030 et
2788 965 2990 1031 tercia
3022 966 3086 1030 in
3132 964 3449 1031 suburbio
3493 966 3666 1029 bene

961 1086 1293 1170 quietatis,
1326 1095 1394 1149 et
1442 1085 1653 1168 prima
1702 1086 1765 1149 in
1811 1084 2021 1150 altera
2066 1095 2257 1171 parte
2301 1086 2614 1161 suburbii,
2653 1085 3069 1152 vasconibus
3112 1096 3180 1151 et
3224 1086 3668 1151 Bernensibus

964 1206 1130 1271 infra
1173 1205 1397 1271 villam
1443 1205 1767 1290 ospitatis,
1813 1206 1997 1271 cuius
2042 1227 2273 1273 omnes
2320 1207 2532 1273 incole
2577 1202 2798 1291 sugam
2854 1208 3157 1272 inierunt.
3251 1206 3351 1272 Ibi
3404 1205 3668 1271 suerunt

964 1327 1321 1393 incinerate
1374 1347 1493 1390 xx.
1546 1337 1819 1392 ventose
1869 1327 2265 1393 molendine.
2358 1329 2487 1393 Die
2547 1329 2828 1405 sabbati,
2883 1328 3114 1393 ultima
3165 1329 3276 1394 die
3335 1327 3668 1401 Octobris,

965 1447 1428 1532 ospitabantur
1487 1446 1551 1511 in
1606 1447 1838 1531 grandi
1901 1448 2107 1531 opido
2156 1458 2393 1514 vocato
2455 1449 3101 1516 Chastelnavenareo
3119 1447 3164 1525 ⁸,
3220 1449 3330 1513 ubi
3391 1448 3668 1513 ecclesia

964 1570 1174 1634 sancti
1210 1566 1557 1634 Michaelis
1587 1569 2048 1635 canonicorum
2095 1570 2482 1636 secularium
2526 1581 2593 1637 et
2640 1570 3047 1636 conventus⁸
3087 1570 3420 1633 Minorum
3464 1580 3670 1652 atque

968 1687 1472 1755 carmelitarum
1515 1691 1710 1755 beate
1760 1689 1988 1763 Maric,
2019 1691 2180 1755 item
2217 1690 2497 1774 ospitale
2526 1692 2735 1757 sancti
2782 1691 3062 1756 Antonii
3104 1702 3172 1756 et
3203 1689 3401 1755 villa²
3432 1702 3672 1755 vocata

967 1810 1063 1876 les
1134 1810 1374 1875 Mauns
1434 1812 1521 1876 de
1576 1809 1825 1885 Pucels,
1871 1830 2022 1875 cum
2075 1822 2406 1878 conventu
2462 1812 3084 1897 Augustinensium,
3135 1810 3360 1875 omnia
3412 1809 3668 1875 fuerant

969 1931 1232 2015 ignibus
1262 1942 1674 2017 consumpta.
1769 1932 1897 1997 Die
1920 1932 2291 2005 Dominica,
2315 1932 2563 1999 scilicet
2597 1933 2663 1997 in
2699 1933 2870 1998 sesto
2902 1933 3218 1999 Omnium
3254 1931 3672 2005 Sanctorum.

973 2052 1223 2136 quievit
1253 2053 1621 2130 exercitu33
1667 2075 1707 2118 a
1738 2073 1873 2136 quo
1903 2053 2177 2137 quidam
2208 2061 2530 2119 exeuntes
2552 2055 3046 2137 conquisierunt
3071 2073 3270 2118 unam
3301 2053 3544 2127 villam,
3562 2052 3670 2116 cui

972 2184 1047 2238 ut
1080 2183 1422 2257 parcerent
1453 2184 1519 2238 et
1551 2173 1808 2239 catallis
1839 2195 2088 2253 eorum,
2109 2174 2428 2258 oppidani
2453 2175 2778 2240 dederunt
2803 2177 3035 2240 decem
3076 2173 3258 2239 milia
3283 2171 3668 2239 florenciam

968 2308 1338 2358 aureorum.
1434 2294 1560 2359 Die
1609 2294 1801 2360 Lune
1846 2296 2250 2361 transierunt
2293 2316 2412 2379 per
2454 2296 2644 2361 villas
2687 2306 2916 2362 sancte
2965 2296 3232 2360 Marthe
3275 2294 3338 2359 lc
3395 2294 3552 2359 Port
3603 2304 3672 2358 et

975 2413 1250 2497 opidum
1310 2416 1563 2498 grande
1620 2425 1933 2482 vocatum
2005 2414 2463 2501 Vilkapinche¹
2522 2426 2590 2483 et
2663 2428 2913 2483 extunc
2987 2417 3312 2482 intrarunt
3387 2417 3668 2501 patriam

984 2533 1401 2614 Carkasone3
1448 2548 1515 2603 et
1561 2538 1867 2622 princeps
1909 2538 2330 2622 ospitabatur
2359 2538 2539 2622 apud
2583 2538 2869 2603 viculum
2915 2548 3225 2604 vocatum
3262 2538 3446 2603 Alse.
3541 2538 3670 2602 Die

976 2656 1211 2721 Martis
1268 2657 1674 2724 advenerunt
1732 2657 2206 2732 Carkasonam.
2252 2658 2476 2724 villam
2538 2658 2854 2743 pulcram,
2903 2660 3316 2744 predivitem.
3375 2669 3444 2723 et
3503 2658 3674 2722 bene

974 2776 1373 2852 edificatam,
1402 2779 1794 2863 ampliorem
1830 2780 2199 2845 Londoniis
2231 2778 2394 2844 infra
2429 2800 2669 2845 muros.
2763 2780 2944 2845 Inter
2969 2781 3196 2846 villam
3239 2799 3355 2845 seu
3386 2780 3668 2862 burgum

974 2906 1043 2961 et
1074 2897 1411 2964 civitatem
1443 2900 1974 2966 circumcinctam
2006 2901 2302 2985 dupplici
2337 2922 2524 2966 muro
2555 2903 2859 2968 currebat
2889 2921 3063 2984 aqua
3095 2913 3332 2966 vocata
3499 2901 3522 2936 ⁸
3546 2901 3673 2964 sub

976 3030 1183 3101 ponte
1231 3019 1459 3104 pulcro
1507 3022 1786 3105 petrin0,
1832 3023 1918 3088 ad
1965 3022 2150 3088 cuius
2195 3022 2435 3105 pedem
2483 3023 2781 3106 pulcrum
2835 3023 3117 3106 ospitale
3163 3021 3285 3087 suit
3331 3022 3670 3088 situatum.

979 3138 1055 3203 In
1110 3139 1320 3222 burgo
1380 3141 1639 3206 suerunt
1698 3155 1984 3227 quatuor
2051 3154 2416 3208 conventus
2482 3155 2768 3227 quatuor
2835 3163 3199 3228 pauperum
3265 3143 3676 3226 religionum.

976 3280 1259 3343 quorum
1295 3263 1591 3336 ministri,
1622 3264 1868 3329 scilicet
1908 3264 2160 3342 fratres,
2193 3284 2323 3328 non
2373 3263 2698 3348 sugerunt,
2730 3264 3165 3346 burgensibus
3201 3275 3268 3329 et
3316 3262 3676 3328 minorissis

982 3401 1113 3466 que
1174 3383 1303 3448 illic
1333 3384 1541 3449 eciam
1589 3385 1983 3450 habitabant
2037 3385 2102 3449 in
2164 3384 2501 3450 civitatem
2565 3384 2987 3468 fugientibus.
3083 3385 3159 3450 ln
3221 3385 3433 3466 burgo
3492 3395 3676 3449 totus

975 3505 1309 3568 exercitus
1340 3507 1507 3570 benc
1537 3516 1604 3571 et
1639 3506 1815 3571 laute
1856 3507 2186 3590 ospitatus
2215 3506 2328 3569 vix
2368 3507 2716 3590 occupavit
2759 3517 2892 3572 tres
2928 3507 3068 3570 cius
3099 3515 3388 3590 quartas,
3419 3505 3676 3570 habun-

977 3623 1143 3688 dans
1174 3624 1326 3688 vino
1360 3640 1657 3691 muscato
1694 3641 1761 3692 et
1808 3629 2041 3692 cctcris
2079 3626 2474 3692 victualibus
2515 3641 2654 3692 tam
2690 3627 2990 3692 delicatis
3027 3647 3228 3710 quam
3277 3626 3676 3691 necessariis

980 3744 1122 3809 Isto
1153 3745 1263 3810 die
1311 3748 1483 3811 acics
1524 3759 1679 3812 ante
1724 3748 2004 3830 burgum
2049 3746 2311 3813 suerunt
2355 3748 2525 3812 bene
2553 3749 2873 3821 ordinate,
2905 3761 2972 3813 ct
3021 3748 3236 3813 effecti
3271 3747 3514 3812 milites
3559 3747 3676 3810 filii

976 3865 1225 3930 domini
1257 3867 1343 3932 de
1376 3867 1648 3934 Libreto
1678 3880 1742 3934 et
1778 3869 2092 3934 dominus
2123 3870 2208 3935 dc
2241 3868 2472 3935 Bassct
2508 3869 2843 3942 Dreitone,
2888 3869 3002 3952 qui
3045 3867 3478 3934 incontinenti
3523 3887 3676 3932 cum

1048 4068 1063 4100 ¹
1103 4088 1210 4123 one.
1254 4072 1315 4125 B.
1386 4070 1409 4105 ⁸
1445 4073 1705 4127 ‘tholosa
1733 4075 1797 4128 C.
1890 4070 1911 4102 ⁸
1952 4075 2188 4143 nan-ge
2227 4075 2292 4131 C.
2381 4074 2402 4103 ⁸
2439 4075 2713 4143 Avyonet.
2752 4075 2816 4128 C.
2906 4068 2929 4102 ⁸
2966 4069 3570 4127 chanana-edmun-
3612 4071 3678 4124 C.

1044 4155 1067 4274 :
1092 4158 1301 4298 21:221!
1317 4159 1497 4302 bgsore
1522 4161 1967 4217 Camelitarum.
2009 4164 2072 4217 C.
2323 4158 2344 4190 ²
2382 4162 2536 4217 Here
2559 4162 2694 4216 ends
2723 4161 2806 4228 C..
2842 4159 2934 4216 ue
2959 4161 3075 4215 las!
3095 4163 3259 4232 quire
3283 4159 3448 4230 kint
3468 4157 3592 4212 lose.
