4154 4895
950 285 1031 349 32
1835 271 2329 325 CHROA'ICOA·
2387 269 2790 325 G.-1Ll-'Rll)1

596 481 735 530 ω.
752 480 906 532 1⁸27.
946 471 1249 536 diabolus
1279 469 1741 536 confederavit.
1838 469 2090 536 Placuit
2136 492 2296 555 ergo
2343 490 2472 534 non
2525 469 2749 554 paucis
2797 468 3132 552 utriusque
3175 490 3374 533 sexus
3421 488 3658 551 magne

947 593 1305 675 dignitatis,
1337 604 1473 656 tam
1507 590 1943 657 ecclesiastice
1973 612 2172 676 quam
2207 590 2531 668 secularis,
2562 591 2742 674 quod
2775 588 3006 655 causa¹
3041 591 3207 654 tanti
3243 600 3457 655 metus
3491 590 3656 655 foret

944 734 1093 779 cum
1133 713 1464 779 Edu-ardo
1509 714 1871 797 consopita,
1903 735 2100 798 quem
2121 712 2166 791 ²,
2199 727 2269 778 ut
2315 714 2596 797 quisque
2631 712 2984 787 metuebat,
3017 713 3226 795 perire
3256 714 3652 797 concupivit.

948 836 1310 900 Mittuntur
1343 836 1540 919 igitur
1568 834 1756 899 litere
1788 834 2225 920 increpatorie
2264 834 2650 900 custodibus
2703 832 3009 897 Edwardi
3057 832 3652 917 calumpniancium

948 954 1362 1021 fallacissime
1411 958 1591 1039 quod
1645 956 1975 1021 remissius
2004 976 2208 1040 quam
2262 957 2576 1021 deberent
2631 953 2844 1038 ipsum
2894 955 3302 1020 custodirent
3348 968 3412 1019 et
3461 955 3656 1019 nimis

946 1077 1231 1142 delicate
1282 1076 1723 1142 confoverent.
1820 1076 2176 1141 Intimatur
2248 1076 2456 1142 eciam
2518 1075 2809 1151 eiisdem,
2876 1088 2972 1139 set
3035 1075 3411 1160 semiplene,
3471 1076 3652 1159 quod

950 1197 1261 1263 Edwardi
1313 1198 1609 1262 interitus
1655 1210 1769 1263 aut
1821 1196 2137 1263 naturalis
2184 1207 2298 1263 aut
2347 1196 2671 1261 violentus
2720 1196 3164 1262 indifferenter
3191 1198 3653 1281 complaceret.

598 1324 704 1375 The
729 1324 910 1391 bishop
954 1318 1084 1383 Hic
1129 1318 1396 1400 vigebat
1440 1318 1885 1402 sophistarum
1936 1318 2192 1384 fallacia
2237 1318 2549 1384 accensa³
2609 1339 2726 1402 per
2771 1318 3151 1401 episcopum
3199 1318 3310 1401 qui
3361 1320 3652 1401 scripsit:

594 1392 829 1504 gir-'135⁶‘
948 1446 962 1473 ⁸
988 1440 1389 1504 Edwardum
1423 1440 1722 1505 occidere
1757 1440 1961 1505 nolite
2006 1441 2238 1505 timere
2285 1442 2531 1504 bonum
2578 1435 2721 1503 est.’
2815 1438 2998 1504 Istud
3024 1440 3358 1522 sophisma
3393 1441 3454 1503 in
3489 1442 3656 1503 duas

594 1524 893 1653 affigas
946 1562 1436 1645 propositiones
1487 1560 1842 1626 resolutum
1866 1560 1913 1639 ⁴,
1949 1583 2229 1645 quarum
2287 1562 2500 1646 prima
2542 1572 2794 1624 constet
2844 1580 2932 1623 ex
2989 1562 3202 1625 tribus
3245 1562 3470 1644 primis
3522 1572 3654 1624 ter·

946 1681 1155 1759 miniS,
1214 1680 1520 1747 videlicet
1567 1683 1807 1771 istiszo‘
1836 1682 2240 1747 Edwardum
2295 1683 2599 1777 occidere
2646 1676 2886 1751 nolite,'
2932 1694 2996 1745 et
3042 1682 3328 1746 secunda
3374 1704 3458 1745 ex
3506 1683 3656 1745 aliis

943 1803 1170 1877 tribus,
1220 1803 1471 1868 scilicet
1521 1803 1700 1867 istis:
1751 1804 2021 1868 ‘timere
2070 1804 2316 1868 bonum
2369 1800 2506 1879 est,'
2556 1801 2712 1865 nihil
2766 1801 3038 1886 perfidie
3084 1804 3342 1867 videtur
3390 1824 3655 1887 persua·

942 1927 1136 2001 dere3
1184 1936 1281 1988 set
1323 1935 1692 2007 receptores
1730 1923 2083 1999 literarum,
2118 1944 2284 2006 quos
2317 1944 2446 1988 non
2482 1922 2669 1987 latuit
2713 1924 2970 1988 animus
3009 1923 3422 2007 episcopalis,
3462 1924 3656 1987 aliter

943 2045 1282 2128 sophisma
1327 2058 1912 2121 commutaverunt,
1957 2046 2202 2110 scilicet
2252 2045 2336 2109 ad
2383 2064 2644 2109 sensum
2687 2044 2920 2108 istum:
2989 2052 3004 2076 ⁸
3033 2044 3433 2109 Edwardum
3483 2046 3654 2109 occi·

945 2169 1100 2231 dere
1146 2167 1347 2229 nolite
1393 2163 1663 2235 timere-,⁹
1701 2178 1767 2230 et
1814 2180 1969 2231 tunc
2013 2167 2492 2231 subiunxerunt
2544 2166 2860 2247 legendo:
2893 2167 3175 2229 ‘bonum
3213 2162 3352 2241 est,'
3400 2167 3652 2229 malum

648 2308 853 2363 tum,
948 2290 1278 2352 dictamen
1349 2287 1588 2350 conscii
1671 2288 1755 2351 de
1830 2288 2026 2363 ma10‚
2095 2308 2224 2351 non
2291 2288 2620 2361 dictantiS,
2689 2288 2861 2351 male
2926 2300 3406 2352 accentuantes.
3499 2286 3652 2351 Tali

946 2408 1285 2472 sofismatc
1347 2430 1501 2472 usus
1538 2421 1632 2472 est
1692 2407 1797 2473 illc
1844 2409 2120 2473 callidus
2163 2409 2482 2492 sophista,
2529 2410 2736 2472 sciens
2781 2410 2960 2491 quod
3007 2409 3146 2472 sine
3191 2410 3288 2473 sui
3339 2408 3652 2493 inscripto

944 2552 1261 2595 consensu
1318 2551 1445 2592 non
1494 2531 1826 2595 audebant
1882 2543 2270 2595 executores
2321 2531 2604 2594 crudelis
2659 2531 2950 2594 mandati
3019 2529 3419 2594 Edwardum
3481 2533 3648 2596 occi·

945 2654 1120 2724 dere,
1174 2673 1254 2714 ne
1308 2653 1446 2714 sine
1499 2673 1815 2716 consensu
1876 2654 2198 2716 maiorum
2271 2654 2355 2716 de
2417 2673 2619 2734 regno
2679 2653 3036 2735 aliquando
3091 2652 3300 2716 forent
3361 2655 3646 2716 accusati

946 2773 1071 2836 hoc
1122 2772 1363 2836 fecisse.
1456 2773 1831 2857 Episcopus
1876 2795 2049 2848 vcro,
2097 2775 2161 2837 in
2209 2794 2432 2837 necem
2489 2774 2794 2836 Edwardi
2852 2773 3128 2838 finaliter
3176 2775 3648 2838 determinatus

945 2906 1008 2956 et
1074 2895 1349 2977 proinde
1408 2895 1531 2957 sibi
1599 2895 1716 2978 ipsi
1782 2894 2050 2958 forsitan
2112 2897 2485 2960 accusando
2544 2896 2628 2957 de
2693 2915 3029 2968 consensu,
3083 2896 3366 2980 providit
3429 2911 3648 2959 caute·

948 3015 1085 3077 lose
1146 3027 1213 3078 ut
1260 3017 1491 3077 eadem
1540 3016 1879 3082 autoritaS.
1929 3017 2026 3079 sui
2093 3017 2466 3079 mandantis
2519 3015 2935 3079 affectionum
2998 3018 3465 3080 contrariarum
3529 3039 3650 3078 cx·

946 3137 1251 3220 pressit-a,
1292 3157 1425 3198 uno
1463 3140 1664 3200 modo
1709 3138 2015 3220 exposita
2063 3137 2163 3200 vel
2212 3149 2596 3200 accentuata
2635 3138 2951 3200 animaret
2991 3139 3226 3200 stultos
3266 3139 3326 3201 in
3369 3155 3648 3202 mortem

948 3259 1325 3330 innocentis,
1386 3271 1483 3321 set
1546 3259 1666 3321 sub
1720 3260 1851 3322 alio
1896 3280 2086 3322 sensu
2145 3258 2445 3321 facinoris
2492 3258 2657 3321 tanti
2723 3260 2933 3342 ipsum
3000 3260 3354 3322 immunem
3412 3260 3646 3324 faceret

946 3380 1204 3463 putari;
1267 3381 1469 3461 quod,
1520 3393 1587 3443 ut
1647 3381 1761 3442 fuit
1810 3381 2196 3460 cogitatum,
2242 3379 2516 3460 contigit
2565 3382 2648 3441 de
2694 3379 2886 3442 sacto.
2981 3380 3280 3462 Denique
3338 3379 3647 3444 Edwardi

947 3501 1411 3572 interfectores,
1475 3517 1784 3586 putantes
1846 3502 2124 3585 proinde
2172 3501 2537 3563 amiciciam
2590 3499 2868 3563 lsabelle
2913 3513 2978 3564 et
3036 3503 3325 3584 episcopi
3381 3501 3646 3566 sofistici

946 3623 1319 3705 deceptoris
1377 3643 1532 3702 erga
1580 3645 1649 3686 se
1699 3622 1891 3685 fuisse
1953 3621 2432 3692 confirmatam,
2483 3622 2858 3684 invenerunt
2910 3623 3084 3685 illam
3149 3637 3212 3685 et
3265 3624 3646 3708 episcopum

949 3744 1266 3806 sen-emes
1311 3759 1657 3806 exactores
1704 3745 1996 3827 pignoris
2040 3745 2158 3806 ciis
2196 3744 2438 3816 traditi,
2471 3745 2711 3806 scilicet
2746 3744 2994 3806 domini
3051 3743 3376 3816 Edu-arrii,
3423 3761 3484 3809 et
3535 3749 3648 3808 sti-

946 3865 1257 3948 pendium
1322 3865 1751 3947 proditorum,
1811 3866 2055 3930 scilicet
2127 3881 2406 3928 mortem
2469 3865 2870 3938 vilissimam,
2939 3887 3061 3948 pro
3106 3867 3440 3930 demeritis
3495 3867 3652 3950 ipsis

947 3986 1441 4048 comminantes.
1536 3985 1732 4050 Unde
1783 3987 1963 4048 stulti
2011 3986 2262 4050 confusi
2310 3987 2466 4069 quid
2517 3986 2798 4050 facerent
2851 3987 3244 4068 ignoravere.
3295 3987 3414 4050 nisi
3470 3992 3647 4070 qood

946 4106 1293 4189 epistolam
1367 4104 1645 4170 lsabelle
1705 4121 1769 4170 et
1845 4107 2155 4190 episcopi.
2225 4107 2498 4171 aliorum
2561 4109 2767 4170 eciam
2836 4109 3352 4190 conspiratorum
3423 4109 3650 4190 sigilssiz

1164 4241 1177 4272 ²
1220 4247 1290 4295 rii.
1324 4243 1383 4296 B.
1672 4245 1689 4272 ¹
1727 4245 1843 4312 qui.
1888 4245 1947 4298 B.
2243 4243 2260 4272 ⁸
2302 4257 2586 4298 secantes.
2635 4247 2692 4298 13.
2983 4245 2998 4272 ⁸
3041 4262 3124 4298 res
3153 4247 3296 4296 duta.
3343 4245 3406 4298 B.
