4154 4895
1269 297 1380 352 LE
1423 298 1716 352 BAKER
1760 296 1879 351 DE
1922 297 2540 353 SWYNEBROKE.
3179 310 3263 377 43
3329 251 3342 263 -

554 493 723 578 regis
779 515 851 561 se
900 495 1378 573 submiserunt3
1439 516 1570 560 non
1622 494 2031 578 multumque
2087 504 2318 578 postea
2364 515 2587 560 comes
2636 494 3019 561 Lancastrie
3073 516 3263 562 cecus
3299 510 3609 564 enasse.

551 616 821 682 effeetus
864 619 950 683 ad
995 617 1328 701 pacienter
1374 616 1522 681 Deo
1568 617 1982 681 serviendum
2029 636 2100 680 se
2146 625 2364 680 totum
2411 616 2740 682 ordinavit
2757 614 2799 678 ¹.

728 737 989 803 Eodem
1022 759 1215 816 ann0,
1247 738 1421 804 circa
1456 738 1697 802 festum
1722 737 2168 814 Assensionis‚
2189 758 2307 801 rex
2342 757 2522 801 mare
2552 737 2875 816 transivit,
2909 737 3108 803 fratre
3137 759 3261 804 suo
3299 756 3608 808 amasso.

550 857 795 923 comite
835 857 1168 923 Cornubie
1213 860 1484 924 custode
1531 859 1712 941 regni
1760 858 2006 935 relicto,
2035 868 2103 922 et
2149 857 2300 923 fecit
2345 857 2733 942 homagium
2780 859 2917 942 regi
2966 859 3024 922 F
3026 859 3260 937 rancie,
3295 844 3514 976 {3ng}

553 976 862 1062 Philippo
894 982 978 1045 de
1005 980 1294 1057 Valesio,
1309 979 1444 1044 filio
1476 978 1713 1044 Karoli
1744 977 2122 1063 proditoris,
2153 999 2275 1062 pro
2307 988 2454 1043 toto
2485 979 2727 1044 ducatu
2748 978 3161 1063 Aquitannie
3189 991 3258 1044 et
3295 977 3487 1093 ἔξω
3507 977 3607 1029 ²¹¹⁶

549 1101 871 1165 comitatu
920 1101 1236 1178 Pontivie,
1281 1122 1479 1185 super
1510 1100 1909 1183 quibusdam
1948 1099 2587 1184 protestacionibus;
2642 1102 2824 1182 quod
2868 1100 3255 1185 homagium
3293 1108 3550 1239 &gmffii-

548 1239 668 1284 rex
713 1221 771 1284 F
773 1222 985 1287 rancie
1023 1221 1365 1306 Philippus
1410 1222 1653 1305 recepit
1696 1221 1820 1285 sub
1865 1219 2011 1284 aliis
2047 1221 2641 1303 protestacionibus
2659 1219 2705 1298 ²,
2735 1221 3039 1286 videlicet
3076 1223 3253 1305 quod
3293 1241 3426 1290 taine
3448 1240 3549 1319 qud

548 1361 678 1406 non
730 1342 1042 1408 admisit³
1089 1343 1476 1426 homagium
1527 1364 1647 1427 pro
1698 1342 1889 1407 terris
1933 1362 2101 1424 quas
2151 1352 2339 1425 pater
2382 1363 2537 1407 suus
2583 1341 2874 1407 Karolus
2919 1343 3256 1426 predictus
3295 1305 3553 1356 ¹²⁰⁰&OE

547 1463 857 1528 adversus
916 1464 1228 1529 comitem
1291 1462 1552 1541 Cancie,
1600 1472 1673 1526 ut
1735 1462 2158 1546 premittitur,
2207 1463 2728 1544 transequitavit,
2774 1472 2875 1527 set
2929 1462 3074 1527 illas
3127 1463 3254 1527 sibi

546 1582 826 1647 detinuit
861 1592 927 1647 et
959 1584 1251 1649 detinere
1286 1582 1514 1659 voluit,
1551 1603 1895 1665 quousque
1924 1581 2091 1647 foret
2111 1580 2138 1620 ⁴
2175 1582 2300 1646 sibi
2336 1582 2744 1647 satisfactum
2778 1584 2862 1648 de
2893 1584 3153 1648 damnis
3188 1595 3255 1648 et

545 1704 855 1787 expensis
884 1704 1054 1787 que⁶
1087 1715 1276 1788 pater
1303 1725 1459 1769 suus
1492 1703 1740 1768 ibidem
1773 1703 2123 1768 militando
2160 1704 2407 1787 recepit
2442 1713 2510 1768 et
2544 1704 2874 1787 exposuit.

718 1823 976 1890 Eodem
1021 1846 1195 1890 anno
1246 1825 1776 1908 archiepiscopus
1829 1822 2061 1889 Simon
2112 1822 2604 1889 Cantuariensis
2647 1825 2858 1889 tenuit
2903 1824 3252 1890 concilium
3294 1839 3570 1917 Provinpial

544 1943 943 2027 provinciale
1008 1944 1393 2022 Londoniis,
1453 1945 1517 2008 in
1578 1966 1710 2027 quo
1769 1944 2102 2009 ordinavit
2169 1943 2390 2028 aliqua
2455 1947 2886 2028 ponderanda
2905 1944 2950 2023 ⁶,
3002 1945 3252 2011 scilicet
3290 1905 3579 2022 ἓὲζὲἳὲα

540 2067 719 2148 quod
773 2067 838 2129 in
883 2067 990 2131 die
1037 2066 1425 2132 Parasceves
1476 2077 1542 2131 et
1591 2066 1655 2130 in
1700 2066 2337 2131 commemoracione
2381 2064 2721 2131 omnium⁷
2767 2065 3062 2131 fidelium
3108 2066 3250 2132 ani·

544 2206 797 2250 marum
827 2187 914 2252 ab
945 2189 1123 2252 omni
1162 2208 1358 2272 opere
1396 2186 1611 2252 servili
1648 2198 2025 2265 cessaretur,
2056 2198 2123 2251 et
2158 2188 2223 2251 in
2256 2188 2423 2252 festo
2452 2186 2739 2271 gloriose
2776 2185 3252 2271 Concepcionis
3342 2212 3382 2259 r.
3406 2207 3542 2258 111⁸.

539 2305 833 2391 Virginis
864 2308 1093 2373 matris
1140 2308 1267 2372 Dei
1290 2306 1314 2345 ⁸
1347 2308 1574 2373 laudes
1612 2306 1956 2372 celebriter
1986 2307 2482 2373 exsolverentur
2519 2307 2687 2372 Deo.
2780 2306 2971 2383 Item,
3005 2309 3145 2391 ipse
3182 2318 3251 2372 et

540 2449 772 2495 omnes
814 2430 1107 2514 episcopi
1154 2440 1490 2514 presentes
1533 2429 2196 2496 excommunicarunt
2233 2440 2301 2496 et
2345 2428 2958 2495 excommunicatos
3001 2430 3251 2495 denun-
3287 2457 3499 2509 Excom·

538 2549 790 2615 ciarunt
814 2571 1043 2616 omnes
1074 2549 1222 2617 illos
1250 2551 1363 2634 qui
1389 2551 1487 2614 in⁰
1506 2549 1848 2616 dominum
1868 2549 2237 2615 Walterum
2257 2552 2341 2615 de
2362 2549 2750 2633 Stapeltone
2761 2548 2833 2628 ¹⁰,
2859 2550 3245 2634 episcopum
3285 2525 3587 2640 ffiutffiation

541 2669 1007 2749 Exoniensem,
1030 2674 1368 2755 quondam
1391 2670 1745 2738 orribiliter
1782 2672 2211 2752 interfectum,
2253 2693 2487 2736 manus
2515 2671 2840 2736 violentas
2875 2674 3248 2755 quomodo-
3285 2656 3560 2787 ffiuffiff?

539 2790 700 2857 libet
746 2793 1122 2870 iniecerunt,
1169 2804 1235 2859 et
1287 2813 1518 2859 omnes
1562 2776 1674 2876 qui
1720 2793 1839 2858 eiis
1882 2814 2099 2877 opem,
2146 2813 2505 2870 assensum,
2549 2793 2653 2857 vel
2701 2793 3055 2858 concilium
3099 2815 3248 2878 pre·
3284 2787 3561 2853 Stapleton.

539 2912 835 2978 buerunt.

708 3033 914 3099 Anno
946 3034 1378 3099 M.CCC.xxix.
1411 3035 1682 3118 quidam
1713 3031 2050 3118 experturi
2089 3053 2258 3116 quos
2287 3034 2560 3099 haberet
2591 3033 2842 3100 amicos
2874 3034 3245 3100 Edwardus
3283 3047 3421 3095 Am.
3434 3048 3594 3095 1880.

535 3155 872 3233 secundus,
912 3175 1031 3218 rex
1076 3154 1323 3238 Anglie
1366 3176 1573 3239 nuper
1614 3155 1969 3236 extinctus,
2015 3153 2472 3220 confinxerunt
2520 3155 2738 3238 ipsum
2787 3156 2851 3219 in
2898 3165 3114 3220 castro
3158 3147 3244 3219 de
3280 3128 3511 3243 33³⁰OE

539 3272 704 3338 Corf
739 3274 914 3339 laute
955 3274 1190 3352 vivere,
1229 3286 1328 3340 set
1374 3296 1696 3359 nusquam
1744 3277 1827 3340 de
1871 3276 1979 3340 die
2024 3274 2191 3340 velle
2234 3276 2458 3340 videri.
2552 3275 2909 3359 Propterea
2952 3275 3243 3340 fecerunt
3280 3257 3565 3373 fflffil‘dfl·

537 3394 759 3460 multis
788 3395 1095 3460 noctibus
1124 3396 1413 3480 tripudia
1443 3417 1641 3480 super
1671 3417 1893 3461 muros
1924 3396 2122 3461 castri
2155 3407 2221 3461 et
2259 3407 2486 3472 turres,
2520 3391 2982 3479 preferentes¹¹
3017 3415 3241 3460 cereos
3277 3388 3444 3507 ἓξὲξ·
3457 3395 3510 3439 ⁸²

534 3527 602 3580 et
623 3508 890 3582 tortices
918 3536 1241 3590 accensos,
1273 3527 1344 3582 ut
1384 3517 1472 3581 ab
1503 3517 1753 3600 ydiotis
1783 3518 1867 3582 de
1898 3516 2114 3600 patria
2149 3516 2360 3582 forent
2385 3517 2697 3601 percepti,
2721 3517 2916 3599 quasi
2948 3514 3236 3598 aliquem

535 3635 924 3722 magnum¹²
974 3658 1196 3721 regem
1241 3636 1558 3702 haberent
1618 3638 2042 3715 custoditum,
2102 3638 2206 3702 cui
2251 3637 2775 3702 solemnizarent.
2868 3636 3064 3701 Nova
3122 3657 3240 3720 per

604 3758 622 3791 ¹
658 3766 716 3815 et
747 3762 810 3815 in
845 3777 1041 3816 eorum
1067 3800 1081 3814 .
1109 3801 1123 3816 .
1150 3800 1165 3815 .
1191 3800 1205 3814 .
1242 3759 1568 3830 ordinavit]
1608 3760 1737 3817 licet
1774 3777 1948 3831 prope
1975 3771 2245 3817 venerant
2281 3759 2501 3816 armati.
2575 3760 2666 3815 De
2700 3776 2811 3830 quo
2851 3757 2986 3828 [illo.
3014 3757 3102 3829 C.]
3142 3777 3240 3815 rex

531 3846 631 3903 suit
652 3848 915 3904 offensus.
968 3847 1078 3919 Qui
1096 3859 1284 3904 tamen
1311 3848 1670 3919 postmodum
1696 3848 1753 3903 in
1777 3859 1958 3905 estate
1983 3866 2043 3905 se
2064 3847 2251 3919 gracie
2275 3848 2442 3919 regis,
2459 3858 2793 3920 procurante
2817 3845 3239 3917 archiepiscopo

532 3931 937 3996 Cantuariensi,
983 3931 1357 3988 submiserunt
1409 3932 1561 4002 apud
1600 3931 1900 3987 Bedeford.
1979 3933 2032 3986 N
2039 3949 2115 3987 on
2159 3931 2396 3987 multum
2434 3947 2654 4002 quoque
2692 3927 2844 4001 [que.
2884 3927 2998 3998 B².]
3038 3940 3238 4000 postea

530 4035 721 4074 comes
762 4018 1088 4075 Lancastrie
1125 4036 1290 4074 cecus
1316 4019 1602 4091 reperitur.
1642 4019 1727 4074 13².
1754 4021 1817 4076 C.

599 4105 622 4138 ¹
656 4106 756 4161 sub
774 4106 851 4162 al.
863 4104 1129 4180 protest]
1152 4106 1333 4163 eciam
1354 4117 1689 4178 protestans.
1730 4108 1793 4164 C.
1989 4105 2011 4138 ⁸
2047 4105 2254 4163 amisit.
2292 4109 2357 4163 B.
2383 4105 2471 4162 13¹.
2651 4103 2670 4135 ⁴
2707 4115 2875 4161 esset.
2915 4103 3000 4160 13¹.
3029 4106 3094 4160 C.

599 4190 623 4224 ⁸
657 4210 815 4265 quas.
853 4197 919 4250 B.
1050 4193 1073 4226 ⁸
1108 4194 1598 4251 commendabilia.
1627 4196 1690 4252 C.
1831 4191 1854 4224 ⁷
1889 4211 1997 4250 om.
2037 4193 2126 4251 B².
2153 4197 2216 4252 C.
2376 4192 2397 4225 ⁸
2433 4200 2602 4249 matr.
2628 4191 2766 4264 Dei]
2799 4194 2998 4249 Marie.
3026 4194 3092 4248 C.

601 4280 624 4312 ⁵
658 4299 764 4336 om.
803 4284 868 4338 B.
997 4279 1040 4314 ¹⁰
1075 4282 1437 4354 Stapeldone.
1477 4280 1563 4339 13¹.
1686 4279 1727 4315 ¹¹
1765 4283 2133 4353 prefecerunt.
2162 4283 2227 4338 C.
2357 4279 2401 4315 ¹⁸
2434 4282 2678 4353 aliquam
2706 4298 2989 4352 magnam.
3030 4282 3093 4334 B.

1820 4384 1934 4435 G2
