4154 4895
1260 271 1373 325 LE
1416 269 1710 324 BAKER
1752 266 1874 324 DE
1915 268 2540 327 SWYNEBROKE.
3127 280 3250 346 139

542 469 1097 534 sustentacionem
1134 479 1389 534 armate
1435 467 1791 533 iuventutis
1822 476 1891 533 et
1922 446 2325 532 ditacionem
2358 466 2572 551 patrie
2601 465 2864 545 devote,
2896 465 2979 532 de
3008 466 3250 550 quibus
3285 474 3424 523 Am.
3439 475 3602 526 18⁶⁵.

542 589 927 674 singillatim
959 590 1098 655 sine
1126 590 1476 673 dispendio
1514 611 1645 655 non
1678 600 1913 672 potero
1943 599 2250 654 tractare.
3343 565 3543 578 ’-

715 710 918 775 Anno
965 711 1238 775 Domini
1278 710 1628 776 millesimo
1675 708 2051 792 M.Ccc.lvj.,
2098 709 2279 794 regni
2326 709 2499 794 regis
2540 708 2792 794 Anglie
2835 729 3030 786 xxx„
3076 708 3250 775 circa
3283 725 3608 777 Anum.

542 840 838 915 pretacta
875 832 1278 917 dispensato,
1308 833 1614 916 princeps
1650 853 1892 897 novam
1939 852 2209 896 auream
2250 841 2586 897 monetam
2630 832 2696 895 in
2727 831 3061 896 Vasconia
3106 828 3245 895 fieri
3284 806 3491 937 {gage
3512 871 3564 922 in

540 952 861 1018 diffinivit.
953 954 1111 1038 Ipso
1142 973 1406 1038 quoque
1447 955 1618 1019 circa
1659 953 2151 1037 reparacionem
2199 953 2572 1018 dirutorum
2603 963 2670 1018 et
2711 952 2840 1018 alia
2879 951 3248 1018 necessaria
3285 936 3535 1004 Gmony.

542 1073 1025 1139 conservacioni
1071 1075 1426 1160 reipublice
1471 1077 1800 1159 sapienter
1843 1085 2191 1158 occupate,
2236 1074 2470 1140 timide
2514 1073 2795 1139 fantasie
2839 1072 3244 1139 Gallicorum
3285 1086 3517 1164 Rumour·
3531 1085 3592 1136 os

543 1192 880 1261 finxerunt
935 1207 1006 1262 et
1055 1195 1454 1262 ventilarunt
1512 1197 1690 1261 fama
1748 1196 2024 1279 querula
2084 1197 2266 1279 quod
2324 1195 2631 1260 dominus
2690 1217 2811 1261 rex
2870 1194 3122 1279 Anglie
3179 1195 3247 1259 in
3284 1152 3591 1268 ffvfiffgffi·

543 1314 927 1389 Neustriam
962 1317 1421 1401 applicuisset3
1467 1319 1650 1383 cuius
1682 1317 1984 1402 figmenti
2016 1317 2435 1383 occasionem
2466 1315 2573 1383 vel
2607 1337 2888 1402 sompno
2931 1325 3249 1400 ceperunt
3286 1283 3598 1349 Nor-mandy-

541 1434 646 1502 vel
677 1459 766 1503 ex
797 1459 877 1503 eo
908 1440 1088 1522 quod
1122 1440 1428 1505 dominus
1457 1440 1600 1504 dux
1633 1439 2037 1518 Lancastrie‚
2069 1450 2425 1524 postquam
2458 1438 2822 1504 inforciavit
2842 1438 3249 1531 'victualibus

541 1568 609 1624 et
638 1559 841 1625 armis
874 1561 1279 1626 municiones
1314 1571 1382 1637 et
1413 1571 1627 1626 castra
1666 1562 1839 1645 regis
1879 1561 2178 1626 Navarre
2222 1561 2287 1624 in
2327 1559 2540 1625 insula
2585 1559 3018 1626 Constantina
3059 1571 3128 1627 et
3176 1560 3241 1625 in

544 1679 768 1746 multis
805 1681 951 1747 aliis
991 1682 1149 1748 locis
1191 1682 1622 1762 Normannie,
1652 1683 1901 1748 direxit
1947 1682 2071 1748 iter
2111 1702 2304 1747 suum
2335 1702 2562 1747 versus
2600 1681 3029 1756 Britanniam,
3061 1682 3248 1746 cuius

540 1801 753 1867 suerat
798 1806 1184 1887 capitaneus
1230 1805 1626 1869 constitutus
1669 1806 1755 1870 de
1801 1824 2014 1883 novo3
2058 1801 2167 1868 vel
2208 1802 2415 1879 aliter,
2459 1812 2536 1868 ut
2579 1804 2884 1881 creditur,
2921 1803 3248 1887 putabant

539 1922 815 2007 wlgares
859 1945 1081 2009 regem
1124 1925 1511 1991 Neustriam
1555 1926 1824 2009 petiisse
1870 1946 1991 2009 pro
2036 1944 2118 1990 eo
2164 1925 2344 2008 quod
2391 1945 2567 1989 anno
2613 1924 2891 2008 prestito
2922 1925 3248 2008 ,dominus

542 2042 903 2130 Philippus,
933 2067 1289 2130 germanus
1319 2048 1493 2132 regis
1525 2048 1823 2112 Navarre
1851 2047 2031 2112 venit
2061 2046 2129 2111 in
2159 2045 2480 2130 Angliam
2512 2047 2598 2110 ad
2635 2047 3044 2130 presenciam
3075 2046 3249 2128 regis

542 2177 609 2231 et
662 2166 984 2233 instanter
1043 2168 1276 2251 petivit
1328 2167 1671 2244 auxilium,
1724 2189 1859 2251 quo
1911 2177 2139 2252 posset
2191 2167 2642 2233 detinentibus
2696 2187 2917 2251 regem
2971 2167 3246 2231 fratrem

540 2307 734 2353 suum
778 2288 1184 2354 vinculatum
1232 2310 1469 2355 nocere
1521 2298 1591 2355 et
1642 2289 1872 2375 predia
1918 2290 2060 2355 iure
2104 2289 2332 2355 debita
2377 2289 2675 2373 predicto
2727 2289 2907 2353 fratri
2960 2310 3101 2368 suo,
3143 2297 3248 2353 set

542 2409 759 2475 minus
788 2409 959 2477 iuste
988 2411 1280 2492 detenta,
1302 2410 1540 2478 bellica
1570 2432 1769 2476 manu
1801 2430 2208 2495 recuperare.
2284 2410 2511 2495 Igitur,
2542 2410 2826 2476 offerens
2855 2410 3243 2495 homagium
3289 2425 3465 2478 Move-

540 2542 609 2598 et
653 2532 866 2598 iurata
911 2533 1254 2613 fidelitate,
1298 2534 1544 2617 recepit
1589 2555 1676 2599 ex
1722 2532 2146 2599 ordinacione
2191 2534 2362 2617 regis
2405 2532 2749 2597 dominum
2794 2532 3116 2597 Milonem
3158 2533 3245 2597 de
3286 2497 3597 2624 ffinffld„

543 2652 944 2737 Stapiltone‚
987 2656 1200 2720 virum
1264 2676 1506 2740 magne
1564 2654 1915 2741 probitatis
1974 2663 2044 2721 et
2106 2654 2269 2718 mire
2322 2654 2699 2719 devocionis
2756 2654 2843 2718 ad
2897 2652 3241 2738 Virginem

541 2770 831 2850 beatam,
874 2782 977 2838 set
1022 2771 1272 2837 bellicis
1317 2772 1606 2857 negociis
1651 2771 2086 2857 experienciis
2139 2771 2419 2856 egregiis
2463 2771 2874 2849 instructum,
2919 2770 3243 2856 collegam

540 2890 990 2958 fidelissimum
1052 2893 1297 2960 laboris
1357 2893 1588 2979 optati.
1698 2893 2143 2959 Prenominati
2206 2892 2324 2957 viri
2396 2891 2710 2972 bellicosi,
2769 2911 2921 2957 cum
2982 2892 3247 2957 duobus

544 3013 807 3079 milibus
837 3023 1214 3098 togatorum
1249 3005 1629 3081 Neustriam
1662 3014 1955 3098 profecti,
1980 3014 2263 3098 patriam
2295 3013 2874 3096 transequitarunt,
2906 3012 3244 3098 capientes

541 3136 742 3220 opida
797 3145 1057 3201 murata
1110 3146 1177 3201 et
1229 3136 1391 3201 alias
1445 3137 1867 3215 municiones,
1912 3145 2000 3211 et,
2046 3133 2379 3200 nonnullis
2424 3134 2578 3218 igne
2630 3135 3055 3219 consumptis,
3098 3133 3248 3198 aliis

541 3257 785 3322 deditis
814 3266 882 3322 et
913 3258 1293 3343 redemptiS,
1324 3268 1783 3341 processerunt
1815 3278 2025 3341 usque
2064 3259 2151 3322 ad
2185 3267 2473 3322 castrum
2506 3257 2866 3340 quoddam,
2898 3256 3078 3339 quod
3097 3253 3120 3292 ¹
3153 3254 3245 3320 ix.

542 3377 747 3443 leucis
798 3378 1158 3444 dumtaxat
1203 3380 1627 3463 distinguitur
1668 3400 1710 3445 a
1752 3380 2019 3444 civitate
2065 3377 2430 3443 Parisiensi.
2521 3377 2666 3441 Nec
2706 3397 2748 3442 a
2789 3386 2977 3441 tanto
3017 3376 3246 3440 labore

539 3519 773 3564 vacare
830 3473 1157 3564 curabant
1200 3520 1563 3585 quousque,
1617 3500 1868 3585 treugis
1927 3500 2122 3580 initis,
2174 3498 2389 3565 annali
2449 3497 2761 3582 proximo
2817 3496 3134 3573 dicendiS,
3178 3497 3243 3560 in

542 3619 865 3704 Angliam
911 3621 1266 3686 redierunt.

717 3740 930 3825 Igitur
977 3739 1153 3806 sama
1193 3741 1390 3825 plena
1426 3742 1694 3808 terroris
1737 3742 2093 3826 populares
2142 3762 2333 3807 aures
2375 3739 2591 3806 Gallie
2628 3738 2953 3825 perculsit,
2981 3759 3112 3822 que
3154 3739 3242 3803 ad
3334 3752 3374 3806 t.
3397 3753 3547 3806 180⁸.

541 3861 845 3927 auditum
889 3861 1142 3926 domini
1194 3863 1506 3946 principis
1552 3864 1730 3948 apud
1783 3862 2113 3948 Regulam
2161 3864 2566 3929 demorantis
2617 3873 2759 3927 erat
2803 3860 3122 3926 ventilata
3174 3871 3242 3925 et

543 3983 793 4049 viscera
824 3983 1097 4067 piissimi
1130 3984 1440 4068 principis
1471 3986 1832 4051 commovit
1862 4006 2034 4071 egre,
2058 3984 2220 4052 ceu²
2250 3984 2622 4050 nullatenus
2650 3983 2942 4066 potentis
2971 3982 3243 4047 sufferre

541 4105 644 4171 sui
696 4105 904 4190 patris
953 4103 1238 4171 salutem
1295 4106 1533 4173 Martis
1583 4108 2010 4173 amfractibus
2062 4106 2405 4192 implicari,
2457 4106 2825 4172 dummodo
2877 4124 3011 4171 non
3068 4113 3245 4171 esset

786 4299 789 4300 ν
894 4249 914 4284 ¹
950 4250 1035 4307 ad
1049 4257 1222 4308 castr.
1247 4293 1261 4309 .
1286 4292 1302 4309 .
1327 4292 1343 4309 .
1368 4251 1541 4327 quod]
1567 4254 1754 4312 added
1768 4256 1833 4309 in
1858 4252 1951 4309 the
1976 4255 2224 4327 marg-in.
2263 4255 2336 4309 Β,
2613 4250 2635 4284 ²
2670 4268 2784 4307 seu.
2825 4253 2892 4311 Β.

1827 4375 1873 4424 T
1908 4378 1943 4424 2
