4154 4895
988 276 1106 354 146
1850 285 1900 341 C
1897 285 2220 343 HRONIC
2219 287 2340 342 ΟΝ
2381 287 2488 343 ΕΑ
2499 286 2791 344 LFRIDI

629 498 943 549 anasse.
980 500 1103 566 pro
1155 482 1433 561 iusticia,
1481 503 1681 568 quam
1736 486 2218 570 prosequimur,
2265 496 2648 552 constanter
2692 498 2984 571 agentes,
3028 487 3168 554 sive
3211 488 3493 554 vivimus
3551 487 3696 552 sive

686 589 885 603 —
978 602 1313 681 morimur,
1360 604 1632 670 Domini
1681 625 1948 685 sumus3
2012 606 2077 670 in
2119 625 2253 689 qua
2293 606 2408 689 qui
2451 608 2966 691 perseveraverit
3008 628 3216 693 usque
3256 611 3344 675 ad
3389 620 3696 683 mortem.

973 722 1195 789 salvus
1237 725 1380 804 erit,
1420 745 1621 809 quam
1667 727 1780 810 qui
1823 727 2170 811 paciuntur
2213 737 2485 812 propter
2528 728 2872 805 iusticiam,
2921 730 3213 815 ipsorum
3258 742 3362 798 est
3408 749 3688 814 regnum

978 841 1314 911 celorum!

628 968 929 1039 Rhspoeeb
1156 961 1304 1027 Hiis
1347 962 1563 1028 verbis
1594 963 1902 1029 virtuosis
1933 964 2192 1029 animos
2227 963 2466 1030 heriles
2508 977 2803 1033 arrectos
2848 965 3200 1051 magnifice
3243 968 3331 1032 de
3374 966 3691 1033 exteriori

624 1038 834 1157 Q
977 1080 1144 1148 facie
1188 1083 1629 1169 conspicatus,
1675 1085 1963 1169 prudens
2010 1085 2385 1170 imperator,
2427 1087 2515 1151 ad
2569 1087 3060 1172 sagittariorum
3106 1086 3482 1154 clientelam
3528 1107 3688 1153 con·

978 1225 1225 1281 versus,
1277 1203 1397 1271 tali
1450 1207 1768 1272 concione
1842 1206 2238 1272 confortavit
2308 1227 2460 1273 eos:
2552 1208 2821 1274 ‘Virtus
2888 1208 3189 1293 fidesque
3252 1220 3468 1275 vestra
3525 1210 3690 1275 satis

974 1326 1409 1410 comprobate
1452 1337 1605 1391 sunt
1654 1326 1835 1401 mihi,
1879 1327 1993 1411 qui
2041 1326 2269 1393 multis
2313 1340 2380 1394 et
2429 1330 2686 1413 magnis
2737 1330 3251 1416 tempestatibus
3296 1330 3688 1397 ostendistis

976 1465 1096 1511 vos
1140 1466 1273 1511 non
1317 1447 1679 1531 degeneres
1738 1446 1908 1513 filios
1969 1458 2036 1513 et
2094 1449 2618 1532 consanguineos
2664 1470 2914 1529 eorum,
2958 1452 3219 1535 quibus,
3267 1452 3392 1516 sub
3435 1452 3686 1517 ducatu

974 1569 1183 1651 patris
1248 1569 1374 1635 mei
1439 1579 1990 1653 prosatorumque
2057 1590 2357 1635 meorum
2426 1591 2654 1654 regum
2702 1570 2970 1655 Anglie,
3018 1572 3236 1637 nullus
3295 1571 3484 1637 labor
3541 1588 3685 1639 erat

977 1687 1388 1765 invincibilis,
1425 1708 1558 1753 non
1588 1688 1771 1754 locus
1804 1687 1977 1754 ullus
2009 1710 2128 1775 pre
2169 1690 2531 1773 asperitate
2571 1690 2982 1767 immeabilis,
3025 1712 3158 1757 non
3206 1712 3397 1758 mons
3438 1692 3688 1757 arduus

974 1808 1456 1889 inaccessibilis,
1502 1829 1635 1875 non
1682 1810 1879 1877 turris
1942 1810 2215 1876 firmitas
2280 1811 2780 1896 inadquiribilis,
2827 1834 2958 1879 non
3002 1814 3336 1879 exercitus
3392 1813 3684 1897 impene-

974 1928 1248 2008 trabilis,
1305 1949 1438 1995 non
1508 1942 1807 1998 armatus
1866 1933 2030 1996 ostis
2088 1931 2541 1997 formidabilis.
2666 1933 2938 2007 Illorum
2997 1935 3316 1999 vivacitas
3377 1933 3687 2009 Francos,

976 2047 1261 2134 Ciprios,
1322 2049 1773 2129 Siracusanos,
1825 2064 1891 2118 et
1961 2051 2438 2129 Calabrienses,
2503 2064 2708 2138 atque
2770 2054 3137 2120 Palestinos
3196 2056 3568 2125 domuerat.
3611 2068 3684 2121 et

975 2170 1400 2236 indomabilis
1467 2172 1739 2237 cervicis
1796 2171 2041 2239 Scotos
2101 2184 2172 2240 et
2224 2174 2664 2258 Hybernicos,
2722 2176 3382 2259 pacientissimosque
3439 2175 3684 2239 laboris

977 2289 1295 2357 Wallicos
1357 2291 1642 2375 subegit.
1756 2293 1913 2369 Res,
1974 2305 2260 2379 tempus,
2327 2294 2636 2380 pericula,
2702 2316 2791 2361 ex
2857 2296 3113 2361 timidis
3179 2295 3384 2361 sortes
3450 2308 3518 2362 et
3592 2317 3680 2361 ex

973 2412 1233 2496 optusis
1307 2412 1683 2496 ingeniosos
1750 2413 1964 2480 facere
2036 2426 2375 2492 consueta,
2439 2414 2654 2482 honos
2723 2415 2990 2501 insuper
3060 2435 3379 2501 amorque
3451 2417 3680 2501 patrie.

976 2530 1318 2599 Gallorum
1364 2554 1631 2618 quoque
1676 2536 1888 2619 spolia
1936 2537 2307 2622 magnifica,
2355 2539 2569 2622 magis
2620 2558 2823 2622 quam
2887 2538 3108 2603 oracio
3153 2558 3322 2614 mea,
3366 2558 3486 2602 vos
3529 2537 3679 2602 bor-

975 2664 1204 2720 tantur
1231 2655 1600 2740 patrissare.
1690 2655 1899 2739 Signa
1943 2659 2334 2742 sequamini,
2381 2660 2713 2743 preceptis
2756 2659 2999 2724 ducum
3044 2669 3412 2724 vestrorum
3457 2659 3682 2722 animo

975 2785 1045 2839 et
1090 2794 1365 2860 corpore
1408 2777 1673 2859 penitus
1709 2777 1963 2852 intenti,
2007 2789 2102 2852 ut,
2139 2779 2194 2845 si
2231 2779 2366 2844 vita
2410 2799 2560 2846 cum
2610 2779 2880 2846 triumfo
2925 2778 3120 2844 suerit
3167 2799 3290 2844 nos
3337 2780 3678 2854 comitata,

977 2893 1202 2961 firmas
1262 2897 1594 2989 amicicias
1657 2897 1721 2962 in
1786 2899 1874 2974 id,
1921 2900 2133 2965 ‘idem
2197 2921 2459 2985 semper
2518 2900 2690 2966 velle
2754 2919 2869 2965 seu
2932 2896 3148 2976 nolle,'
3192 2913 3680 2985 perpetuemm

978 3014 1315 3092 Ceterum,
1360 3019 1415 3083 si
1482 3038 1627 3084 sors
1694 3019 1931 3098 invida,
1974 3041 2108 3104 que
2171 3023 2362 3096 desit,
2431 3023 2497 3087 in
2559 3024 2856 3088 universe
2915 3022 3129 3088 arnis
3171 3022 3348 3087 viam
3413 3021 3678 3086 finalem

977 3160 1099 3206 nos
1144 3140 1414 3206 instanti
1460 3139 1686 3206 labore
1730 3141 2114 3227 propulerit.
2165 3163 2294 3208 non
2355 3145 2711 3228 suspendia
2769 3143 2999 3210 debita
3057 3143 3352 3210 scelestis
3411 3145 3678 3208 nomin

974 3273 1193 3327 vestra
1253 3261 1717 3347 profanabunt,
1762 3273 1863 3329 set
1921 3265 2363 3330 communiter
2420 3266 2706 3330 eundem
2752 3265 2952 3332 cisum
3017 3265 3126 3330 isti
3183 3265 3484 3349 generod
3547 3265 3676 3330 mei

973 3393 1314 3449 consortes
1356 3395 1429 3451 et
1472 3405 1600 3469 ego
1642 3386 1982 3452 vobiscum
2032 3386 2451 3470 potabimus3
2504 3386 2747 3470 quibus
2795 3387 3058 3451 vincere
3109 3385 3380 3452 Fraude
3439 3387 3676 3451 nobili·

974 3513 1183 3571 tatem
1244 3506 1367 3571 erit
1427 3505 1807 3590 gloriosum,
1851 3507 2021 3573 vinci
2076 3528 2253 3580 vero,
2308 3508 2488 3593 quod
2554 3507 2739 3574 Deus
2795 3518 3071 3580 avertat,
3119 3527 3249 3572 non
3313 3507 3674 3592 periculum

974 3643 1188 3717 turpe,
1232 3643 1334 3701 set
1378 3633 1791 3702 animosum?

626 3781 871 3834 buteo(
1148 3755 1341 3822 Talia
1398 3757 1646 3834 dicens,
1691 3758 2039 3843 prospexit
2083 3759 2265 3841 quod
2317 3768 2459 3823 erat
2503 3779 2542 3824 e
2586 3758 2802 3825 vicino
2863 3757 3222 3824 lateraliter
3282 3777 3472 3823 mons
3529 3757 3676 3842 qui·

622 3848 893 3981 {znffpm
972 3877 1132 3944 dam
1177 3879 1445 3964 sepibus
1497 3889 1564 3945 et
1617 3879 1809 3944 fossis
1860 3882 1945 3946 ad
2009 3890 2203 3945 extra
2270 3881 2628 3958 redunitus,
2689 3881 2774 3946 ad
2842 3880 3011 3946 intra
3076 3899 3236 3945 vero
3299 3880 3674 3954 distinctus.

971 4000 1221 4086 quippe
1284 4021 1373 4065 ex
1434 4021 1563 4066 una
1626 4014 1815 4084 parte
1878 4021 2160 4086 pascuus
2216 4014 2283 4067 et
2349 4002 2435 4065 ibi
2496 4001 2719 4068 dumis
2774 4003 3166 4076 condensus,
3210 4020 3298 4065 ex
3343 3999 3473 4065 alia
3519 4021 3674 4066 vero

970 4121 1177 4188 vineis
1206 4122 1515 4196 consitus,
1561 4136 1627 4187 et
1660 4143 1746 4187 ex
1781 4123 2028 4206 reliqua
2066 4122 2455 4200 sacionalis;
2504 4123 2566 4187 in
2605 4124 2791 4188 cuius
2829 4123 2985 4206 iugo
3022 4121 3334 4188 aciemn
3377 4137 3670 4187 coenem

976 4243 1373 4309 Francorum
1422 4245 1767 4328 perpendit
1816 4245 2118 4310 residere.
2233 4245 2413 4309 Inter
2457 4254 2718 4310 nostros
2761 4252 2829 4309 et
2877 4255 3172 4309 montem
3219 4257 3400 4308 erant
3449 4241 3670 4325 ampla
