4154 4895
716 2879 897 2927 tm.

990 259 1109 321 170
1800 252 2164 309 CHRONIC
2176 253 2276 308 UL
2287 252 2414 308 UA!
2459 252 2566 307 CA
2577 251 2869 307 LFRID!

1156 446 1438 532 M.ccc.j.
1532 448 1745 514 Nonis
1800 450 2114 535 Augusti,
2156 453 2332 535 apud
2393 450 2823 529 wodestoke,
2867 460 3064 515 natus
3122 460 3224 515 est
3291 449 3696 517 Edmundus

979 590 1204 635 comes
1236 568 1479 636 Cancie
1509 572 1597 636 de
1624 571 1896 638 domina
1930 572 2306 657 Margareta
2339 572 2566 656 regina
2596 572 2863 655 Anglie.
3439 572 3602 654 xlvj.

1158 705 1456 756 M.ccc.v.
1498 782 1507 787 „
1530 690 1647 757 Ab
1680 692 2105 776 inquisicione
2121 693 2294 760 sacta
2314 694 2377 758 in
2400 693 2650 776 Anglia
2673 712 2874 777 super
2896 692 3078 777 pacis
3101 693 3694 778 perturbatoribus.

985 810 1443 877 Trailbastone
1503 826 1900 897 nuncupata.
2022 815 2283 880 Eodem
2354 835 2531 880 anno
2588 812 2966 880 willelmus
3023 812 3320 897 Waleys,
3380 814 3692 898 princeps

985 930 1219 998 Scocie
1249 944 1315 998 et
1357 933 1654 1018 proditor
1696 934 1865 1018 regis
1893 934 2160 1019 Anglie,
2192 947 2443 1001 tractus
2484 934 2603 1000 suit
2635 946 2700 1000 ct
2740 954 3119 1019 suspensus.
3213 934 3474 999 Eodem
3515 954 3696 997 anno

988 1052 1327 1119 Robertus
1366 1054 1453 1118 de
1488 1054 1667 1129 Brus,
1703 1054 1839 1137 iiij0.
1871 1055 2020 1120 idus
2064 1055 2425 1131 Februarii,
2465 1055 2530 1120 in
2577 1055 2853 1122 ecclesia
2894 1055 3169 1121 fratrum
3223 1055 3553 1120 Minorum
3607 1055 3696 1119 de

990 1172 1303 1239 Duml'res
1331 1174 1676 1239 dominum
1724 1175 2085 1241 Iohannem
2121 1174 2406 1260 Comyn‚
2437 1176 2750 1241 comitem
2782 1177 2869 1241 de
2903 1174 3302 1249 Baldenach‚
3333 1188 3690 1258 cognatum

986 1315 1202 1368 suum,
1234 1295 1545 1360 insidiose
1575 1296 1838 1362 occidit.
3469 1295 3612 1379 xlij.

1164 1414 1487 1498 M.CCC.vj.
1580 1416 1707 1482 Die
1748 1416 2310 1484 Annunciacionis
2353 1418 2550 1484 beate
2596 1418 2808 1482 Marie
2856 1417 3194 1482 Robertus
3237 1418 3324 1483 de
3373 1416 3585 1501 Bruys
3631 1418 3696 1481 in

990 1556 1214 1620 regem
1248 1535 1479 1603 Scocie
1519 1558 1591 1602 se
1638 1536 1785 1603 fecit
1830 1537 2154 1603 coronari.
2249 1537 2510 1603 Eodem
2540 1558 2736 1611 anno,
2769 1538 2833 1602 in
2881 1536 3052 1603 sesto
3101 1538 3544 1613 Pentecoste..
3575 1558 3696 1603 rex

994 1658 1358 1723 Edwardus
1386 1658 1564 1742 apud
1600 1656 1983 1723 Londonias
2008 1659 2434 1733 Edwardum,
2460 1657 2667 1723 filium
2700 1678 2893 1723 suum
2927 1659 3463 1743 primogenitum.
3488 1660 3696 1724 cinxit

992 1778 1400 1858 militaribus,
1429 1798 1580 1845 cum
1613 1779 1910 1843 ducentis
1942 1779 2281 1844 militibus.
3494 1780 3613 1862 xlj.

1168 1898 1516 1981 M.CCC.vij.
1607 1899 1738 1963 Die
1782 1900 2236 1965 translacionis
2286 1901 2496 1965 sancti
2550 1901 2814 1965 Thome
2869 1901 3153 1966 martiris
3197 1900 3556 1967 translatus
3599 1916 3700 1964 est

995 2040 1114 2084 rex
1156 2020 1543 2093 Edwardus,
1574 2034 1723 2103 post
1769 2034 2205 2104 conquestum
2255 2022 2520 2106 primus,
2554 2042 2640 2084 ex
2682 2019 2810 2086 hoc
2851 2021 3103 2086 mundo
3147 2021 3214 2085 in
3260 2019 3496 2091 celum,
3525 2042 3702 2086 anno

994 2142 1191 2205 etatis
1230 2162 1349 2206 sue
1386 2140 1570 2215 lxix„
1605 2142 1792 2224 regni
1843 2163 1999 2206 vero
2047 2141 2203 2219 eius,
2235 2142 2298 2206 id
2350 2154 2449 2206 est
2491 2163 2530 2206 a
2575 2154 2788 2206 morte
2837 2142 3044 2225 patris
3091 2141 3212 2213 sui,
3245 2162 3480 2217 xxxv..
3511 2154 3612 2206 set
3661 2162 3702 2205 a

995 2262 1429 2328 coronacione
1465 2281 1583 2326 sua
1616 2262 1857 2344 xxxiij.
1956 2262 2214 2327 Eodem
2246 2282 2421 2326 anno
2467 2262 2698 2327 Petrus
2739 2263 2825 2327 de
2857 2261 3254 2335 Gavestone‚
3287 2263 3352 2327 in
3399 2266 3702 2347 partibus

995 2382 1449 2447 transmarinis
1478 2380 1772 2458 exulans,
1805 2403 1920 2466 per
1956 2403 2178 2466 regem
2227 2382 2627 2447 Edwardum
2673 2393 2824 2467 post
2858 2396 3299 2467 conquestum
3337 2386 3700 2450 secundum

997 2504 1062 2568 in
1112 2501 1431 2586 Angliam
1485 2515 1845 2580 revocatur,
1898 2516 1964 2568 et
2019 2503 2233 2570 sactus
2285 2515 2384 2568 est
2433 2524 2659 2569 comes
2721 2502 3104 2580 Cornubie;
3173 2503 3374 2570 filiam
3435 2507 3702 2570 comitis

998 2622 1411 2689 Gloucestrie
1453 2624 1647 2689 duxit
1696 2624 1759 2688 in
1808 2645 2106 2689 uxorem.
2200 2624 2352 2689 Rex
2405 2645 2565 2689 vero
2628 2625 2995 2691 Edwardus
3055 2639 3204 2710 post
3267 2641 3705 2710 conquestum

1002 2746 1330 2811 secundus
1367 2717 1739 2818 1sab'euam,
1783 2744 1987 2809 filiam
2032 2746 2205 2828 regia
2253 2745 2542 2822 Fraude,
2591 2753 2678 2809 vo.
2727 2745 3042 2811 mendas
3093 2746 3430 2811 Februarii
3481 2748 3706 2812 mui-

1008 2867 1234 2930 monio
1266 2866 1388 2931 sibi
1420 2867 1753 2951 copulavit
1779 2892 1794 2942 ;
1842 2880 1908 2930 et
1939 2867 2175 2949 quinto
2205 2866 2313 2931 die
2355 2866 2711 2942 Februarii,
2741 2887 2892 2932 cum
2925 2866 3256 2933 Edwardo
3287 2888 3442 2950 rege
3467 2871 3710 2932 marito

999 3008 1140 3060 suo,
1186 2987 1249 3051 in
1303 2986 1553 3070 Anglia
1596 2987 1935 3071 applicuit.
2052 2986 2179 3052 Die
2222 3000 2444 3053 autem
2491 2987 2669 3052 Iovis
2718 2988 3022 3070 proxima
3069 3001 3220 3072 post
3265 2987 3706 3072 Epiphaniam

1000 3108 1179 3193 capti
1209 3121 1395 3173 erant
1427 3121 1491 3172 et
1523 3108 1823 3174 custodie
1848 3107 2204 3191 mancipati
2237 3128 2469 3172 omnes
2489 3108 2850 3191 Templarii
2885 3109 3066 3189 regni
3099 3107 3365 3192 Anglie.
3449 3107 3708 3172 Eodem

1001 3249 1196 3300 anno,
1237 3228 1321 3312 vj.
1366 3228 1685 3293 kalendas
1733 3228 1981 3304 Marcii,
2010 3228 2314 3293 videlicet
2357 3228 2706 3294 Dominica
2751 3229 3319 3312 quinquagesima,
3359 3245 3710 3294 coronatur

1005 3371 1120 3413 rex
1159 3348 1524 3413 Edwardus
1554 3369 1704 3412 cum
1742 3348 2023 3413 isabella
2058 3369 2266 3412 uxore
2297 3369 2416 3413 sua
2446 3350 2625 3432 apud
2661 3348 3347 3413 westmonasterium.
3529 3351 3618 3414 xl.

1180 3469 1515 3552 uscoxj.
1608 3469 1839 3535 Petrus
1884 3470 1970 3534 de
2020 3469 2400 3534 Gavestone
2445 3471 2531 3534 de
2577 3471 2878 3534 custodia
2924 3469 3189 3534 comitis
3240 3469 3544 3534 Pcnbrok
3595 3491 3712 3554 per

1006 3589 1359 3674 Cydonem
1423 3591 1735 3654 comitem
1798 3589 2219 3674 Warcwykie
2284 3590 2463 3674 apud
2529 3590 2980 3673 Dadyngtone
3039 3591 3316 3674 capitur,
3376 3605 3442 3654 ct
3507 3613 3714 3674 usquc

1004 3724 1291 3777 castrum
1325 3710 1702 3795 Warwykic
1734 3713 2015 3788 ducitur,
2045 3725 2110 3775 et
2161 3713 2223 3775 in
2281 3711 2428 3776 loco
2473 3713 2584 3794 qui
2635 3713 2875 3777 dicitur
2925 3710 3414 3784 Gaveressiche,
3457 3711 3520 3774 in
3569 3735 3712 3796 pre·

1006 3833 1226 3898 sencia
1278 3831 1541 3896 ‘rhome
1599 3833 1861 3897 comitis
1918 3832 2320 3908 Lancastric,
2384 3830 2793 3904 lieresordie‚
2847 3831 3224 3915 warwykie
3271 3833 3590 3897 comitum
3645 3847 3708 3896 et

1005 3953 1286 4017 aliorum
1330 3953 1510 4036 regni
1556 3952 1804 4034 Anglie
1848 3967 2254 4036 magnatum,
2285 3952 2396 4016 die
2436 3967 2813 4017 sanctorum
2849 3950 3145 4016 Gervasii
3185 3965 3250 4016 ct
3301 3951 3644 4024 Proumii.
3671 3975 3712 4018 a

1004 4075 1295 4158 quodam
1330 4071 1644 4137 Wallcnsi
1684 4073 2094 4148 decollatur3
2139 4086 2205 4139 et
2239 4095 2368 4137 non
2415 4072 2696 4137 multum
2737 4085 2886 4158 post
2919 4073 3096 4156 apud
3143 4071 3616 4154 Langcleyam,
3649 4073 3712 4136 in

1010 4195 1344 4280 presencia
1376 4194 1627 4258 domini
1662 4196 1849 4278 regis,
1880 4215 2029 4262 cum
2065 4215 2309 4278 magno
2339 4194 2589 4259 honore
2621 4193 2957 4278 sepulture
2987 4194 3289 4258 traditur.
3389 4193 3626 4275 xxxvj.
