4154 4895
911 272 947 321 2
958 272 995 321 2
1780 266 1829 324 C
1827 267 2150 324 HRONIC
2151 267 2272 324 ΟΝ
2326 268 2433 323 ΟΛ
2443 266 2732 323 LFRIDI

556 480 697 533 aun.
712 483 869 533 1⁸80.
909 487 1153 553 pavore
1196 488 1361 551 grex
1410 466 1753 553 indigenus
1792 467 1933 534 sine
1975 480 2260 553 pastore,
2290 478 2656 554 expectans
2702 467 3110 554 triumphum
3159 467 3361 555 partis
3403 467 3616 545 unius,

910 601 1179 674 paratus
1222 611 1295 654 se
1353 589 1639 655 subdere
1689 589 1914 656 virtuti
1978 590 2253 674 pociori.
2343 588 2651 656 Preterea
2710 590 2991 676 prosiliit
3053 590 3467 657 mendacium
3527 591 3618 655 ab

907 709 1202 775 exercitu
1267 710 1332 773 in
1399 731 1633 775 omnes
1700 710 1880 794 regni
1942 710 2177 796 plagas
2242 710 2678 795 divulgatum,
2739 712 2922 795 quod
2997 710 3240 777 scilicet
3315 710 3616 797 pontifex

910 831 1258 896 Romanus
1302 851 1533 895 omnes
1566 829 1891 916 Anglicos
1933 831 2218 897 absolvit
2263 853 2305 897 a
2352 831 2673 898 fidelitate
2713 831 2925 897 iurata
2963 853 3087 899 suo
3125 833 3284 916 regi,
3315 831 3616 897 fulmina-

910 962 1137 1035 retque
1179 951 1580 1017 sentenciam
1642 952 2356 1019 excommunicacionis
2406 953 2472 1017 in
2530 972 2762 1018 omnes
2808 967 3037 1020 contra
3087 954 3378 1037 reginam
3431 972 3618 1019 arma

909 1074 1297 1138 deserentes.
1386 1072 1502 1138 Ad
1534 1072 1723 1138 huius
1757 1073 2076 1140 mendacii
2109 1073 2684 1140 confirmacionem
2718 1073 3052 1158 finguntur
3074 1076 3211 1141 duo
3230 1073 3616 1152 cardinales.

910 1192 1263 1260 exercitui¹
1317 1195 1539 1277 regine
1582 1196 1947 1273 atterentes,
1994 1196 2210 1262 nuncii
2257 1196 2746 1281 premissorum.

1083 1314 1288 1380 Anno
1332 1316 1599 1380 Domini
1636 1315 2088 1400 M.ccc.xxvj.,
2121 1316 2542 1401 pontificatus
2571 1317 2825 1382 domini
2861 1316 3210 1383 Iohannis-»⁸
3242 1338 3414 1403 pape
3445 1315 3616 1400 xxij.

909 1458 1085 1502 anno
1147 1436 1257 1519 xj..
1305 1436 1475 1519 regis
1534 1456 1689 1501 vero
1747 1436 1994 1519 Anglie
2056 1436 2368 1502 Edwardi
2429 1458 2549 1501 xx.
2606 1450 2674 1504 et
2734 1437 2988 1513 ultimo,
3029 1460 3265 1522 guerra
3311 1439 3620 1504 intestina

911 1557 1239 1643 Anglicos
1282 1567 1596 1623 consueta
1654 1559 2016 1624 exercitare
2063 1580 2178 1644 per
2224 1560 2589 1624 exercitum
2641 1559 3041 1644 descriptum
3090 1572 3459 1635 renovatur,
3489 1578 3622 1643 que

913 1679 1193 1764 proinde
1237 1699 1369 1744 non
1421 1691 1682 1763 poterat
1736 1680 1850 1743 diu
1904 1680 2160 1753 durare,
2211 1681 2393 1764 quod
2451 1701 2570 1745 rex
2621 1692 2689 1745 et
2743 1681 3038 1755 comites,
3083 1702 3253 1765 quos
3294 1680 3620 1765 expetivit

916 1821 1151 1865 manus
1210 1811 1615 1864 armatorum
1678 1800 2075 1884 prodiciosa,
2141 1799 2466 1865 invalidos
2525 1800 2612 1865 ad
2667 1800 3099 1866 resistendum
3159 1822 3233 1867 se
3292 1810 3620 1885 putantes,

917 1920 1401 1986 municionibus
1450 1922 1627 2005 aptis
1673 1920 2056 1999 defensioni,
2101 1921 2290 2004 quasi
2337 1921 2561 2005 sugam
2606 1922 3037 1999 consulentes,
3081 1943 3153 1987 se
3212 1921 3622 1987 commisisse

918 2043 1153 2107 frustra
1192 2055 1342 2107 sunt
1384 2043 1624 2108 conati.
1721 2043 1871 2107 Rex
1903 2063 2165 2127 nempe,
2207 2042 2573 2127 percipiens
2620 2064 2735 2128 per
2764 2063 2918 2109 suos
2948 2042 3408 2128 exploratores
3438 2042 3622 2126 quod

570 2179 825 2246 flignies
917 2164 1112 2229 uxori
1157 2185 1273 2229 sue
1318 2175 1459 2228 tota
1505 2185 1671 2248 pene
1718 2165 1898 2247 regni
1944 2164 2386 2229 communitas
2431 2163 2609 2229 salsis
2653 2164 2880 2229 territa
2928 2164 3298 2229 rumoribus
3341 2163 3624 2233 adhesit.

570 2250 779 2299 &lv-sd
803 2258 858 2298 to

567 2316 857 2382 emmo„
916 2306 1065 2351 cum
1097 2286 1357 2349 duobus
1402 2285 1752 2369 sepedictis
1793 2286 2149 2350 comitibus
2179 2297 2248 2350 et
2290 2284 2592 2349 Roberto
2623 2284 2709 2349 de
2751 2284 3030 2355 Baldok,
3063 2282 3328 2369 paucis⁸
3356 2304 3624 2368 quoque

569 2969 808 3077 :5333

914 2404 1060 2471 aliis
1106 2405 1191 2470 de
1244 2426 1362 2470 sua
1408 2415 1663 2471 secreta
1712 2403 1978 2485 familia,
2031 2406 2117 2471 ad
2172 2418 2395 2489 partes
2447 2403 2760 2472 Wallicas
2803 2426 2875 2471 se
2928 2404 3304 2484 transmisit,
3348 2405 3626 2470 dimisso

914 2528 1159 2594 comite
1183 2525 1521 2592 Wintonie
1550 2528 1635 2592 ad
1670 2528 2024 2593 tuicionem
2057 2526 2211 2591 ville
2241 2538 2309 2592 et
2339 2526 2532 2593 castri
2567 2526 2915 2592 Bristollie.
3008 2526 3162 2591 Rex
3185 2547 3359 2604 vero,
3384 2526 3625 2591 deinde

918 2649 1007 2713 ad
1054 2647 1451 2731 Chepstowe
1498 2666 1881 2732 progressus
1924 2669 2073 2714 cum
2111 2649 2355 2713 comite
2404 2646 2815 2714 Gloucestrie
2849 2659 2916 2713 et
2960 2648 3281 2730 magistro
3321 2647 3626 2712 Roberto

919 2770 1008 2834 de
1054 2768 1314 2832 Baldok
1350 2768 1499 2834 aliis
1529 2790 1800 2853 quoque
1835 2769 2031 2834 valde
2069 2769 2314 2853 paucis,
2344 2790 2416 2834 se
2460 2769 2797 2835 commisit
2835 2769 3118 2852 navigio,
3150 2767 3492 2833 intendens
3535 2768 3624 2832 ad

924 2891 1205 2957 insulam
1251 2892 1336 2956 de
1383 2891 1668 2977 Londay
1719 2891 2067 2976 proficisci.
2160 2891 2445 2975 Lunday
2488 2900 2586 2955 est
2635 2889 2842 2956 insula
2888 2891 2952 2955 in
3005 2889 3273 2955 flumine
3321 2888 3624 2962 Sabrina.

922 3013 1207 3077 duorum
1270 3012 1623 3078 miliarium
1688 3014 2124 3097 undequaque
2184 3011 2402 3095 longa,
2461 3011 2852 3076 habundans
2925 3010 3186 3096 pascuis
3243 3021 3309 3075 et
3383 3009 3626 3080 avenis.

921 3131 1252 3200 cuniculos
1315 3134 1622 3218 producit
1690 3135 1974 3218 copiose,
2032 3132 2376 3208 columbis,
2422 3133 2628 3198 eciam
2691 3131 3145 3204 strucionibus,
3204 3152 3374 3215 quos
3433 3139 3628 3196 vocat

921 3254 1314 3320 Alexander
1375 3253 1678 3320 Necham
1742 3253 2132 3319 Ganimedis
2199 3275 2375 3324 aves,
2434 3253 2627 3318 nidos
2686 3250 2889 3316 habet
2950 3263 3361 3336 pregnantes,
3419 3271 3628 3334 aquas

922 3377 1187 3460 insuper
1232 3385 1522 3441 recentes
1565 3363 1988 3440 de'l'ontibus
2030 3376 2456 3440 scaturientes
2502 3372 2733 3439 incolis
2779 3373 3122 3444 ministrat.
3159 3372 3300 3456 ipsa
3347 3371 3495 3436 licet
3541 3372 3630 3434 ab

924 3499 1103 3562 omni
1153 3509 1339 3582 parte
1382 3497 1573 3580 aquis
1630 3495 2096 3563 amarissimis·
2156 3496 2350 3562 suerit
2408 3495 2888 3561 circumcincta.
2983 3493 3213 3560 Unum
3272 3494 3628 3558 dumtaxat

926 3621 1185 3684 aditum
1230 3618 1429 3683 habet
1479 3619 1602 3682 iste
1648 3618 1846 3690 locus,
1878 3639 2011 3702 quo
2056 3618 2173 3682 vix
2220 3619 2357 3682 duo
2401 3618 2518 3682 viri
2567 3627 2874 3701 poterunt
2919 3614 3322 3680 coniunctim
3369 3614 3630 3698 pedites

931 3742 1269 3814 incedere3
1315 3762 1399 3804 cx
1435 3740 1615 3804 omni
1649 3739 1775 3804 alia
1814 3754 2001 3824 parte
2033 3739 2211 3823 rupis
2251 3738 2577 3803 horrende
2617 3737 2755 3803 alta
2797 3736 3278 3821 proeminencia
3321 3736 3631 3820 proibens

929 3883 1339 3944 aggressum.
1436 3861 1624 3927 Hanc
1660 3860 2378 3942 insulamyictualibus,
2413 3870 2483 3924 ut
2514 3859 2763 3925 dictum
2795 3869 2916 3930 est.
2947 3857 3330 3922 naturaliter
3377 3856 3632 3921 habun-

927 3986 1221 4060 dantem,
1280 3993 1501 4048 tamen
1576 4005 1661 4048 ex
1738 3983 2148 4048 habundanti
2220 3982 2396 4054 vino,
2455 3979 2624 4058 oleo,
2687 3979 2896 4050 melle,
2957 3979 3308 4048 frumento,
3377 3978 3635 4052 braseo,

931 4105 1240 4189 piscibus,
1272 4105 1457 4168 salsis
1496 4105 1821 4174 carnibus,
1854 4117 1919 4168 et
1964 4103 2215 4169 terestri
2257 4104 2542 4170 carbone
2584 4100 3008 4176 instufl'atam,
3041 4119 3261 4183 regem
3300 4097 3632 4164 volentem

1005 4240 1019 4272 ³
1059 4260 1125 4298 ex
1152 4243 1432 4296 exercitui.
1476 4244 1537 4297 Β.
1756 4240 1779 4274 ‘
1820 4243 2116 4298 lohannes.
2161 4243 2223 4297 B.
2437 4237 2458 4268 ⁸
2495 4241 2664 4310 pacis.
2709 4239 2772 4294 B.
2950 4237 2971 4268 ⁸
3007 4235 3454 4292 amansissimis.
3499 4235 3562 4289 B.
