4154 4895
1215 323 1329 377 LE
1386 323 1679 380 BAKER
1734 321 1857 380 DE
1912 324 2534 382 SWI'NEBROKE.
3188 338 3227 403 9

525 520 921 586 habencium
967 520 1371 586 destinatum
1430 519 1653 587 locum
1714 533 1966 605 aptum,
2026 533 2129 588 set
2195 522 2375 607 prius
2435 534 2844 588 armatorum
2905 544 2945 587 a
2994 520 3226 606 tergo¹
3265 543 3577 595 amdan.

525 644 852 708 stancium
911 643 1024 726 qui
1085 664 1258 709 nunc
1310 664 1351 707 a
1409 644 1615 709 latere
1672 644 1888 710 solent
1947 654 2272 711 constare.
2392 645 2532 711 Ubi
2603 646 2909 710 viderunt
2985 645 3230 711 Scotos

529 764 834 849 collapsis
880 765 947 827 in
994 765 1241 829 fossam
1287 765 1595 830 atrociter
1640 767 1899 845 instare,
1944 767 2223 849 sagittas
2280 765 2550 850 quidam
2600 767 2665 830 in
2712 765 2922 831 altum
2967 786 3230 831 casuras

526 888 696 951 inter
752 886 1046 952 hostium
1107 887 1392 952 cassides
1452 887 1795 966 incassum,
1854 890 2128 971 quidam
2187 909 2343 952 vero
2407 888 2474 951 in
2533 887 2857 954 directum
2920 887 3231 954 iacientes

528 1007 880 1073 Scotorum
925 1029 1171 1092 paucos
1214 1029 1255 1072 a
1299 1019 1584 1093 pectore,
1630 1008 2008 1093 Anglorum
2071 1009 2317 1075 multos
2376 1031 2416 1074 a
2476 1018 2683 1094 terg0,
2727 1031 3020 1076 necuere.
3114 1009 3228 1075 Sic

526 1129 693 1194 redit
724 1130 787 1192 in
819 1128 1092 1193 nihilum
1121 1129 1424 1194 hesterna
1453 1151 1722 1214 pompa,
1748 1152 1901 1213 rege
1931 1151 2084 1196 cum
2115 1130 2440 1214 episcopis
2472 1140 2537 1195 et
2569 1131 3043 1214 Dispensatore
3073 1131 3228 1214 fuge
3266 1149 3439 1215 might
3462 1150 3520 1200 of

525 1251 885 1333 presidium
923 1251 1291 1334 arripiente,
1321 1271 1522 1334 quem
1542 1248 1568 1287 ²
1610 1272 1744 1315 non
1783 1251 2118 1335 ingenium
2156 1252 2436 1316 mortale
2466 1272 2585 1317 nec
2615 1252 2875 1335 agilitas
2906 1273 3225 1336 equorum
3266 1217 3499 1267 Edward.

523 1379 640 1436 aut
682 1371 1014 1436 involucra
1074 1371 1369 1437 locorum
1428 1392 1467 1436 a
1526 1382 1803 1456 captura
1867 1373 2227 1438 Scotorum
2288 1373 2695 1453 liberassent,
2755 1375 2877 1438 nisi
2922 1375 3228 1459 precibus

526 1513 641 1556 sue
686 1493 913 1558 matris
947 1491 1266 1570 ChristuS,
1299 1494 1412 1577 qui
1444 1515 1565 1578 per
1594 1495 1887 1559 medium
1926 1496 2281 1560 Iudeorum
2317 1496 2694 1579 incognitus
2724 1495 2974 1574 abibat,
3007 1497 3225 1580 ipsum

526 1634 746 1697 regem
792 1634 832 1678 a
878 1614 1111 1680 Scocie
1155 1614 1393 1679 finibus
1438 1616 1823 1699 eripuisset;
1880 1617 2062 1698 quod
2109 1637 2240 1680 non
2285 1616 2501 1680 solum
2549 1617 2710 1701 ipse,
2756 1626 2857 1682 set
2900 1618 3015 1699 qui
3076 1638 3228 1682 cum

527 1736 672 1818 ipso
717 1735 1058 1819 fugiebant
1103 1737 1534 1820 postmodum
1580 1736 2087 1802 confitebantur.
2201 1737 2280 1801 In
2327 1748 2517 1802 tanto
2574 1738 2728 1821 fuge
2773 1738 3061 1822 periculo
3107 1759 3226 1802 rex

523 1856 709 1922 vovit
786 1858 940 1923 Deo
1006 1869 1074 1923 et
1146 1858 1409 1942 Virgini
1470 1857 1713 1924 dilecte
1773 1878 1890 1922 sue
1949 1859 2256 1942 genitrici
2318 1860 2499 1941 quod
2563 1860 2963 1942 pauperibus
3024 1860 3229 1943 ipsius

529 1976 921 2055 Carmelitis,
955 1980 1182 2044 matris
1224 1979 1352 2044 Dei
1394 1979 1591 2045 titulo
1635 1978 2005 2064 specialiter
2045 1979 2388 2064 insignitiS,
2419 1980 2722 2045 fundaret
2754 1982 3228 2046 monasterium
3271 1987 3357 2040 He
3377 2004 3514 2040 vows

526 2110 761 2184 aptum
796 2101 881 2165 ad
916 2100 1438 2179 inhabitandum,
1471 2101 1537 2168 in
1568 2121 1704 2183 quo
1736 2100 1948 2182 xxiiij.
1975 2100 2283 2165 fratribus
2313 2102 2537 2166 studio
2567 2100 2860 2184 teologie
2890 2102 3230 2185 deputatis
3267 2055 3577 2171 ιιῴιξηίῖῗῖὼ.

523 2220 609 2284 de
652 2199 1181 2305 competentibus
1226 2222 1534 2305 expensis
1592 2221 1987 2286 subveniret.
2073 2222 2329 2287 Votum
2392 2221 2789 2288 ratificatum
2849 2243 2889 2287 a
2949 2224 3226 2288 domino
3266 2186 3564 2316 gffisstf}

523 2360 699 2426 papa
734 2342 1030 2407 Iohanne
1060 2342 1229 2425 xxij.
1263 2363 1382 2407 rex
1416 2342 1793 2426 complevit,
1826 2342 2177 2426 pallacium
2213 2363 2406 2407 suurn
2453 2342 2738 2422 Oxonie‚
2771 2338 3125 2430 H[ugone]
3164 2341 3227 2408 le

526 2461 810 2546 Spenser
868 2466 1306 2544 dissuadente,
1369 2465 1676 2529 fratribus
1722 2465 2033 2548 predictis
2095 2464 2160 2528 in
2209 2486 2439 2548 puram
2486 2475 2554 2530 et
2613 2476 3001 2549 perpetuam
3047 2466 3226 2530 hele-

525 2587 851 2650 mosinam
940 2587 1357 2669 assignando,
1430 2607 1605 2651 anno
1682 2586 1865 2670 regni
1939 2587 2041 2650 sui
2267 2585 2311 2664 ³,
2356 2586 2607 2650 domini
2702 2608 2966 2671 quoque
3054 2609 3229 2672 pape

524 2705 840 2771 Iohannis
883 2707 1162 2790 predicti
1356 2706 1404 2771 ³.

695 2827 900 2891 Anno
935 2826 1181 2892 Christi
1217 2841 1563 2893 M.CCC.xv.
1590 2827 1782 2892 ,Scoti
1815 2827 2217 2892 sub-ducatu
2256 2827 2567 2891 Edwardi
2600 2826 2660 2891 le
2692 2827 2973 2912 Bruyus,
3004 2828 3118 2912 qui
3155 2848 3229 2894 se
3263 2829 3581 2947 ”12:338-

526 2946 678 3013 fecit
727 2969 767 3012 a
828 2948 964 3012 suis
1013 2968 1234 3032 regem
1290 2948 1611 3012 Hibernie
1676 2947 2025 3024 nominari,
2079 2946 2341 3011 vexillis
2394 2946 2773 3031 desplicatis
2834 2948 3225 3014 Hiberniam
3263 2974 3541 3026 TheSeotz

523 3066 814 3152 ingressi,
844 3069 969 3132 sub
999 3068 1248 3132 vexillo
1289 3068 1542 3132 domini
1592 3068 1906 3132 Iohannis
1950 3068 2037 3132 de
2079 3067 2554 3151 Birmingham,
2585 3079 2743 3134 tunc
2779 3071 2950 3154 regis
2980 3069 3226 3154 Anglie
3263 3040 3564 3158 {⁰333}oe

522 3189 877 3266 iusticiarii,
910 3209 1060 3256 cum
1092 3210 1215 3254 suo
1246 3191 1639 3273 seudo-rege
1666 3190 1926 3254 fuerunt
1958 3188 2023 3252 in
2055 3207 2330 3252 numero
2364 3189 2661 3254 maximo
2693 3190 3030 3256 interfecti.
3261 3172 3502 3303 ‹leil-igi.

697 3309 957 3374 Eodem
1004 3321 1304 3393 ternpore
1348 3311 1415 3373 in
1462 3309 1717 3393 Anglia
1764 3308 1963 3373 nimis
2008 3308 2420 3374 invaluerunt
2465 3310 2849 3392 pestilencia
2895 3320 2962 3374 et
2998 3309 3222 3388 fames,
3258 3290 3574 3370 1315-18'10.

523 3430 856 3520 quarterio
885 3431 1190 3495 frumenti
1224 3429 1317 3494 xl.
1347 3428 1575 3495 solidis
1605 3428 2069 3514 sterlingorum
2103 3431 2483 3513 appreciato
2505 3428 2557 3495 ⁴.
3260 3393 3560 3508 ffiggggd

690 3550 898 3616 Anno
964 3551 1361 3635 M.CCC.xvj.,
1422 3552 1672 3617 domini
1733 3572 1909 3636 pape
1982 3550 2304 3615 Iohannis
2361 3550 2654 3617 vicesimi
2720 3552 2987 3618 secundi
3047 3571 3223 3616 anno
3259 3523 3556 3672 ΔΕἛἻΞΊ

522 3671 757 3756 primo,
786 3672 1060 3737 admissi
1103 3672 1237 3736 duo
1282 3671 1649 3738 cardinales
1694 3672 1762 3736 in
1805 3671 2126 3754 Angliam
2174 3682 2243 3736 et
2291 3672 2600 3737 Scociam
2636 3693 2759 3757 pro
2811 3692 2976 3756 pace
3019 3673 3223 3737 refor-
3261 3739 3525 3791 Cardianus

524 3795 768 3857 manda
815 3792 986 3857 inter
1032 3813 1251 3877 regna,
1292 3792 1526 3857 habito
1570 3813 1721 3858 cum
1767 3812 1924 3876 rege
1969 3791 2223 3873 Anglie
2267 3803 2570 3872 tractatu,
2601 3794 2971 3860 itinerando
3000 3813 3224 3857 versus
3260 3815 3365 3856 sent
3389 3813 3443 3855 to

523 3912 767 3978 Scotos
814 3914 880 3977 in
927 3915 1310 3997 episcopatu
1359 3913 1794 3979 Dunelrnensi
1840 3914 2104 3978 fuerunt
2159 3914 2503 3996 depredati
2546 3934 2666 3998 per
2720 3912 3089 3979 Gilbertum
3138 3913 3223 3978 de
3261 3886 3519 4002 Εἷς

523 4034 879 4100 Midiltone
924 4035 1225 4110 militem,
1270 4036 1385 4118 qui
1416 4046 1650 4119 postea
1681 4036 1895 4101 fuerat
1926 4035 2209 4119 proinde
2244 4055 2598 4119 suspensus
2628 4045 2694 4100 et
2726 4036 2791 4099 in
2823 4034 3223 4118 quarterias⁶
3259 4001 3464 4054 robbed.

875 4186 893 4220 ¹
930 4199 1274 4247 armatorum
1298 4200 1475 4261 terga.
1514 4191 1579 4244 B.
1862 4188 1884 4221 ²
1918 4206 2105 4261 quam.
2144 4190 2211 4243 B.
2492 4187 2513 4222 ⁸
2550 4189 2760 4246 Blank.
2799 4191 2865 4247 Β.

1350 4276 1371 4308 ⁴
1406 4276 1671 4349 apprecii.
1710 4279 1775 4332 B.
1988 4274 2011 4306 ⁸
2045 4288 2288 4348 quartas.
2324 4278 2390 4334 B.

1848 4397 1893 4447 C
