4154 4895
1181 266 1291 322 LE
1335 266 1627 322 BAKER
1672 267 1790 321 DE
1833 266 2456 323 SWVNEBROKE.
3052 277 3172 344 103

645 438 944 558 In}tante
993 467 1247 551 prefata
1303 468 1783 553 solempnitate,
1835 468 2217 533 nunciatum
2269 477 2370 532 est
2430 467 2568 551 regi
2627 488 2741 553 per
2800 467 3184 533 secretarios
3219 476 3530 530 Anaua.

470 590 757 655 Emerici
807 590 893 654 de
948 588 1194 664 Padua,
1248 589 1473 654 militis
1524 590 1952 673 stipendiarii,
2000 589 2180 671 quod
2231 590 2729 671 quartadecima
2780 590 2888 654 die
2943 588 3184 653 mensis
3221 605 3338 655 Plot
3357 612 3411 655 to

469 708 755 794 Ianuarii
788 710 1000 775 forent
1033 710 1099 774 in
1138 708 1465 775 Calesiam
1508 711 1861 794 recipiendi
1905 708 2240 774 Galfridus
2281 711 2366 774 de
2405 708 2694 793 Charny‚
2727 710 2932 787 mileS,
2962 720 3029 774 et
3069 710 3183 774 alii
3221 672 3406 787 Ἠ

469 828 707 896 Gallici
739 830 806 894 in
837 850 1081 913 magno
1110 850 1402 909 numero,
1431 831 1672 914 quibus
1711 828 1970 894 Calesia
2002 851 2118 913 per
2156 830 2527 914 predictum
2563 830 2940 897 Emericum
2973 831 3183 895 fuerat
3287 837 3328 884 f·
3351 835 3474 883 138-

467 952 753 1029 vendita,
813 961 912 1017 set
973 971 1089 1035 per
1154 971 1375 1034 regem
1441 951 1737 1034 graciose
1809 960 2140 1016 rescutata
2212 950 2332 1015 tali
2405 972 2731 1034 processu.
2846 951 3185 1016 Predictus

473 1072 815 1136 Emericus
848 1071 1207 1135 Paduensis
1238 1072 1404 1135 inter
1434 1083 1685 1136 ceteros
1718 1071 2071 1135 Ianuenses
2103 1070 2484 1136 morabatur
2516 1073 2582 1135 in
2610 1070 2869 1136 Calesia
2899 1072 3186 1149 obsessa,

469 1194 555 1256 ad
580 1192 911 1276 stipendia
933 1192 1172 1256 tiranni
1200 1192 1600 1257 Francorum
1622 1165 1852 1257 contra
1884 1212 2104 1275 regem
2136 1193 2549 1257 obsidentem
2576 1217 2593 1270 3
2637 1201 2737 1256 set
2778 1193 2924 1271 sibi,
2955 1192 3139 1257 sicud
3163 1190 3185 1229 ¹

470 1313 720 1390 ceteriS,
752 1324 904 1395 post
940 1311 1093 1376 ville
1137 1312 1548 1377 dedicionem
1590 1322 1901 1377 concessa
1945 1314 2168 1396 gracia
2197 1313 2332 1377 vite
2376 1324 2442 1377 et
2490 1314 2937 1377 membrorum
2984 1324 3187 1396 atque

474 1432 793 1498 libertatis
839 1433 1157 1509 militaris
1187 1434 1272 1497 de
1315 1442 1533 1499 cetero
1572 1434 1811 1498 mansit
1857 1454 2007 1499 cum
2055 1455 2209 1517 rege
2250 1434 2715 1518 stipendiarius
2758 1435 2845 1499 ad
2891 1434 3186 1499 eiusdem

474 1552 732 1618 Calesie
770 1553 1144 1620 tuicionem.
1236 1554 1401 1618 Erat
1447 1575 1568 1637 pro
1612 1564 1768 1620 tunc
1817 1553 2155 1619 Galfridus
2200 1556 2508 1620 dominus
2554 1556 2638 1620 de
2685 1554 2906 1620 Matas
2924 1553 2966 1633 ²,
3001 1555 3189 1619 miles

473 1675 623 1760 plus
662 1695 861 1758 quam
906 1674 1142 1757 aliquis
1186 1672 1497 1752 Gallicus,
1529 1685 1601 1739 ut
1649 1675 1826 1739 sama
1868 1675 2229 1752 ventilavit,
2262 1676 2325 1739 in
2363 1696 2432 1740 re
2478 1676 2744 1741 militari
2789 1677 3190 1742 exercitatus

474 1806 694 1877 atque,
725 1815 875 1860 cum
924 1794 1122 1878 longa
1165 1795 1583 1878 experiencia
1624 1816 1977 1873 armorum,
2008 1807 2241 1861 nature
2274 1796 2518 1862 vivacis
2562 1796 2926 1880 sagacitate
2970 1796 3189 1862 excel-

474 1915 682 1981 lenter
740 1916 1027 1993 dotatuS,
1078 1925 1147 1980 et
1201 1916 1351 1981 ideo
1405 1915 1680 1981 Francie
1731 1917 2160 1995 tirannorum,
2212 1938 2418 2001 usque
2468 1918 2555 1982 ad
2608 1939 2801 1981 suum
2855 1918 3188 1981 interitum

473 2048 542 2101 et
609 2037 903 2104 coronati
987 2037 1390 2101 Francorum
1465 2038 1847 2121 capcionem
1925 2038 1991 2101 in
2067 2038 2276 2122 prelio
2338 2038 2723 2116 Pictavensi,
2782 2037 3191 2104 conciliarius

476 2158 868 2242 principalis,
990 2157 1125 2221 Iste
1214 2156 1574 2222 facinorum
1656 2157 2094 2223 calidissimus
2169 2157 2582 2224 machinator
2661 2159 2860 2223 fidem
2953 2159 3189 2241 prefati

478 2279 765 2344 Emerici
820 2278 1022 2342 literis
1073 2277 1198 2342 sibi
1258 2279 1512 2343 evocati
1573 2278 1713 2343 auri
1780 2279 1971 2343 donis
2030 2289 2098 2343 et
2148 2278 2452 2345 sofisticis
2511 2279 2849 2363 promissis
2910 2290 3188 2344 conatus

477 2404 862 2480 pervertere.
957 2393 1274 2459 Finaliter
1303 2414 1454 2460 cum
1486 2393 1653 2460 salso
1684 2395 1965 2478 cupidus
1995 2396 2299 2461 convenit
2329 2396 2530 2480 quod,
2562 2416 2684 2481 pro
3166 2395 3193 2435 ³

480 2517 744 2581 milibus
795 2525 1200 2581 scutatorum
1250 2536 1616 2594 aureorum,
1670 2536 1786 2600 per
1838 2517 2091 2596 turrim,
2143 2517 2249 2583 cui
2314 2517 2654 2582 Emericus
2714 2515 3191 2601 preficiebatur,

480 2636 736 2702 facilem
781 2636 1117 2700 introitum
1164 2634 1433 2701 Gallicis
1479 2636 1542 2700 in
1585 2635 1810 2700 villam
1850 2647 2231 2720 prepararet
2247 2633 2295 2715 ⁴,
2332 2647 2534 2720 atque
2572 2638 2659 2701 ad
2697 2636 2849 2702 ville
2884 2646 2950 2700 et
2996 2636 3190 2701 castri

480 2758 742 2842 plenam
794 2757 1176 2840 capcionem
1198 2754 1224 2793 ⁶
1268 2766 1593 2839 quatenus
1646 2766 1869 2840 posset
1922 2758 2284 2822 adiuvaret.
2376 2757 2651 2823 Pactum
2699 2758 2923 2840 itaque
2968 2758 3191 2841 prodi-

478 2878 728 2944 ciosum
779 2887 1358 2960 quantumcunque
1414 2898 1531 2960 per
1590 2878 2027 2943 iuramentum
2082 2887 2149 2942 et
2207 2878 2739 2944 communionem
2799 2877 3190 2945 sacramenti

480 2998 705 3063 altaris
737 2997 1111 3081 utrimque⁶
1152 2997 1633 3074 confirmatum,
1667 3006 1960 3063 attamen
2004 3008 2076 3063 ut
2118 2998 2387 3082 plenum
2424 3010 2686 3064 versuta
2724 3000 3086 3066 calliditate
3125 3010 3192 3064 et

481 3117 613 3184 fide
643 3119 919 3183 mentita
950 3118 1230 3202 pessime
1263 3119 1472 3183 fuerat
1504 3118 1862 3185 iniciatum.
1954 3118 2286 3202 Equidem
2320 3140 2449 3185 non
2483 3120 2614 3184 iam
2634 3118 2660 3157 ⁷
2692 3124 2708 3153 ⁸
2732 3115 3009 3197 Iliacos,’
3045 3129 3145 3184 set
3165 3119 3191 3159 ⁸

484 3237 798 3313 Calesi05‚
843 3244 858 3271 ‘
881 3259 1102 3304 muros
1146 3250 1338 3304 extra
1385 3249 1693 3323 peccatur
1737 3249 1804 3304 et
1850 3238 2055 3317 intra,'
2076 3239 2102 3278 ⁹
2150 3260 2303 3304 nam
2352 3238 2659 3319 Gallicos,
2702 3250 2931 3323 treuge
2974 3240 3192 3306 adhuc

483 3361 811 3438 durantes,
842 3359 951 3443 pie
968 3358 1021 3397 ¹⁰
1057 3359 1459 3424 consciencie
1500 3359 1753 3443 legibus
1792 3359 2233 3444 proibuissent
2274 3361 2365 3425 ob
2407 3360 2593 3426 omni
2635 3360 3193 3425 circumvencione

486 3478 797 3562 pupplica
837 3478 944 3544 vel
987 3478 1263 3556 occulta,
1308 3500 1442 3563 qua
1487 3478 1757 3562 pacifice
1801 3481 2194 3564 possessioni
2241 3479 2414 3563 regis
2459 3479 2724 3563 Anglie‚
2770 3480 2990 3562 quoad
3045 3500 3191 3564 pre·

482 3600 732 3664 dictam
767 3597 1011 3677 villam,
1049 3609 1355 3683 poterant
1385 3601 1736 3684 derogasse
1762 3596 1833 3666 ¹¹.
1925 3600 2159 3666 Eciam
2191 3600 2517 3684 prefatum
2558 3599 2934 3665 Emericum
2982 3620 3193 3664 rever·

484 3720 668 3785 encia
698 3718 852 3784 fidei
894 3719 1194 3785 militaris
1228 3720 1562 3785 terruisset
1598 3721 1687 3786 ab
1727 3721 1907 3786 omni
1949 3721 2329 3805 prodicione
2368 3731 2436 3785 et
2476 3721 2788 3798 inonesta‚
2819 3740 2948 3785 non
2981 3722 3189 3786 eciam

629 3956 646 3988 ¹
685 3973 795 4013 om.
832 3958 897 4012 Β.
1318 3956 1342 3991 ¹
1379 3958 1630 4014 Mathas.
1670 3959 1735 4015 C.
2157 3956 2179 3990 ⁸
2214 3957 2386 4014 blank
2407 3962 2569 4029 space
2590 3960 2656 4013 in
2682 3960 2770 4024 B;
2805 3959 2991 4012 notin
3019 3958 3083 4015 C.

628 4042 650 4074 ⁴
685 4054 986 4115 repararet.
1024 4046 1088 4101 B.
1410 4042 1433 4077 ⁸
1459 4046 1617 4118 plen.
1643 4043 1815 4118 capa]
1841 4045 2162 4103 tuicionem.
2204 4049 2268 4103 B.
2584 4043 2608 4076 ⁸
2642 4045 2943 4117 utriusque.
2985 4047 3030 4099 B

627 4127 651 4160 ‘¹
686 4147 800 4186 non
823 4129 966 4204 iam]
993 4148 1101 4188 om.
1141 4132 1206 4188 C.
1596 4132 1618 4164 ⁸
1651 4142 1725 4190 et.
1767 4135 1833 4188 Β.
2219 4130 2242 4164 ⁹
2283 4135 2523 4201 Horace,
2549 4131 2728 4204 Epist.
2754 4132 2788 4187 i.
2815 4146 2864 4187 2.
2895 4132 2979 4187 16.

632 4215 676 4250 ¹⁰
707 4233 817 4290 que
842 4216 946 4290 pie.
990 4219 1055 4274 C.
1624 4219 1664 4252 ¹¹
1701 4237 1984 4291 erogasse.
2024 4222 2090 4276 C.
