4154 4895
1273 288 1559 345 NOTES
1600 287 1789 343 AND
1833 286 2531 345 ILLUSTRATIONS.
3127 297 3249 362 207

689 469 1032 509 excusarem.
1105 452 1292 523 Quod,
1329 452 1487 523 juxta
1530 450 1990 507 informacionem
2033 451 2171 506 mihi
2215 469 2383 522 super
2423 452 2531 506 hoc
2570 451 2794 519 factam,
2838 449 2896 506 in
2947 452 3262 522 praesencia

690 540 903 595 domini
933 540 1353 596 cantuariensis
1377 551 1433 596 et
1467 539 1740 596 nobilium
1772 541 2171 610 praedictorum
2206 539 2329 605 feci,
2356 540 2528 594 nichil
2563 538 2780 595 addens
2814 539 2887 595 de
2918 541 3143 611 proprio
3172 540 3260 595 vel

692 628 953 684 minuens
979 629 1052 684 de
1089 629 1357 699 injunct0.
1433 630 1636 684 Postea
1673 628 1921 698 insuper,
1948 645 2043 683 me
2079 638 2234 683 extra
2268 645 2503 697 regnum
2537 627 2759 697 Angliae
2791 638 3011 696 agente,
3037 639 3265 699 propter

690 717 1076 772 oblocutiones
1113 717 1412 788 praedictas
1450 717 1685 787 praesata
1721 716 1950 771 domina
1985 715 2179 785 regina
2215 716 2345 771 fecit
2388 716 2539 785 apud
2577 716 2860 771 Stamford
2902 714 3102 785 [23-24
3125 718 3264 787 Apr.

696 802 856 876 1327]
902 805 1231 875 congregari
1275 805 1459 860 dictos
1499 806 1760 876 praelatos
1804 815 1860 859 et
1897 802 2117 859 nobiles
2158 814 2214 858 et
2254 803 2397 859 alios
2439 804 2645 858 multos
2687 804 2967 874 praelatos,
3009 803 3265 867 comiteS,

692 893 935 948 barones
981 903 1037 948 et
1086 893 1305 948 nobiles
1356 892 1492 949 dicti
1543 891 1700 962 regni
1750 892 1805 946 in
1855 891 2213 946 multitudine
2268 892 2497 962 copiosa
2521 907 2536 958 3
2598 890 2710 958 ubi,
2758 901 2888 961 post
2936 890 3264 961 diligentem

694 989 998 1035 tractatum
1048 998 1215 1051 super
1261 981 1371 1036 hoc
1419 980 1694 1047 habitum,
1738 979 2110 1035 deliberatum
2151 978 2253 1033 fuit
2298 978 2639 1034 unanimiter
2689 987 2745 1035 et
2802 979 2969 1034 dictae
3022 979 3265 1034 dominae

692 1067 905 1137 reginae
941 1070 1259 1124 consultum
1284 1068 1436 1140 quod
1472 1069 1626 1124 nullo
1659 1067 1829 1123 modo
1852 1067 2238 1138 permitterent
2261 1083 2388 1122 eam
2424 1066 2499 1122 ad
2525 1066 2738 1122 dictum
2761 1085 2953 1138 regem
2976 1068 3266 1134 accedere,

692 1156 821 1212 licet
854 1155 930 1212 ad
965 1157 1041 1224 id,
1066 1156 1114 1211 si
1146 1158 1257 1212 hoc
1290 1168 1409 1213 tute
1432 1157 1619 1212 facere
1649 1166 1858 1227 posset,
1884 1173 1946 1211 se
1972 1165 2229 1226 paratam
2252 1166 2309 1211 et
2335 1154 2704 1210 voluntariam
2733 1155 3044 1212 obtulisset.
3120 1157 3266 1211 Haec

693 1244 883 1300 omnia
918 1243 1063 1300 adeo
1099 1255 1230 1300 sunt
1263 1245 1488 1315 publica
1524 1255 1581 1299 et
1615 1243 1833 1300 notoria
1863 1243 1921 1297 in
1948 1260 2124 1312 regno
2148 1242 2371 1313 Angliae
2397 1243 2549 1313 quod
2585 1242 2721 1297 nulli
2750 1242 3082 1299 inficiacioni
3109 1244 3265 1298 locus

692 1331 898 1388 existit.
969 1334 1058 1387 Ex
1081 1333 1284 1403 quibus
1308 1342 1542 1403 apparet
1566 1331 1863 1388 manifeste
1884 1332 2097 1386 falsitas
2121 1342 2177 1387 et
2201 1330 2425 1385 malicia
2459 1330 2951 1387 adinveniencium
2974 1343 3031 1388 et
3055 1332 3266 1388 confin-

691 1419 957 1489 gencium
981 1437 1052 1475 ea
1075 1437 1202 1491 quae
1227 1419 1400 1476 tercio
1423 1421 1551 1475 loco
1575 1420 1932 1475 continentur
1957 1419 2014 1475 in
2041 1419 2194 1474 dicta
2218 1417 2597 1489 appellatione
2621 1418 2741 1473 sive
2763 1419 2951 1474 libello
2974 1420 3212 1475 famose.

763 1508 782 1537 ‘
802 1509 1081 1563 Praeterea
1105 1508 1337 1579 praefata
1360 1507 1595 1563 domina
1615 1506 1828 1577 regina,
1844 1507 2009 1576 longe
2033 1516 2169 1562 ante
2194 1506 2404 1561 dictam
2423 1504 2902 1575 praedicationem,
2920 1508 3056 1562 dum
3080 1507 3268 1562 adhuc

695 1604 848 1650 esset
888 1596 945 1650 in
984 1595 1234 1665 partibus
1273 1596 1549 1663 Franciae,
1567 1594 1784 1664 justum
1827 1593 2088 1650 timorem
2127 1594 2322 1649 habuit
2367 1594 2438 1649 de
2476 1593 2701 1649 saevicia
2736 1594 2901 1665 regiS,
2938 1594 3124 1650 mariti
3163 1596 3267 1664 sui,

696 1694 859 1753 prout
896 1694 1050 1753 patet
1088 1701 1189 1754 per
1224 1682 1429 1751 literas,
1466 1701 1636 1754 super
1672 1684 1780 1739 hoc
1822 1682 2064 1738 directas
2108 1684 2274 1737 bonae
2311 1682 2599 1737 memoriae
2636 1682 2921 1752 quondam
2957 1683 3269 1739 reverendo

697 1772 840 1842 patri
866 1771 1094 1827 domino
1118 1774 1225 1840 W.,
1254 1772 1364 1827 Dei
1392 1772 1575 1842 gratia
1601 1770 1990 1827 cantuariensi
2020 1770 2460 1840 archiepiscopO,
2485 1769 2858 1826 continenciae
2883 1770 3267 1842 infrascriptae.

696 1860 823 1914 Nec
859 1859 1098 1915 cessavit
1134 1878 1307 1915 causa
1344 1859 1477 1915 dicti
1516 1859 1732 1915 timoris
1765 1877 1865 1930 per
1900 1868 2138 1913 mortem
2176 1857 2308 1913 dicti
2350 1857 2609 1928 Hugonis
2647 1859 2700 1913 le
2739 1857 3065 1928 Dispenser,
3094 1876 3266 1930 quem

695 1963 792 2001 rex
839 1945 1209 2004 immoderato
1250 1960 1306 2003 et
1350 1947 1672 2002 inordinato
1719 1964 1912 2002 amore
1954 1945 2147 2001 dilexit
2170 1965 2184 2010 ;
2239 1956 2295 2001 et
2340 1956 2567 2016 propter
2614 1946 2723 2000 hoc
2771 1945 2950 2016 magis
2998 1946 3099 2001 suit
3143 1946 3266 2017 ejus

699 2032 924 2089 saevicia
959 2052 1198 2090 accensa
1233 2036 1308 2091 ad
1345 2035 1748 2090 vindicandum
1787 2033 1965 2105 ipsius
1992 2045 2248 2088 mortem.
2322 2034 2514 2088 Tenor
2546 2033 2713 2089 dictae
2756 2033 2933 2089 literae
2975 2035 3102 2090 talis
3143 2047 3263 2092 est:

689 2121 724 2150 ‘⁴
744 2122 1037 2177 Reverend
1074 2122 1226 2192 piere
1262 2141 1333 2178 en
1373 2125 1537 2189 Dieu,
1561 2139 1707 2178 nous
1742 2138 1941 2177 avoms
1976 2121 2358 2190 diligealment
2394 2138 2499 2176 veu
2532 2138 2633 2177 vos
2658 2121 2865 2189 lettres,
2890 2140 2991 2193 par
3013 2123 3095 2178 les
3121 2140 3267 2194 quex

698 2226 838 2264 vous
863 2226 1005 2265 nous
1031 2222 1340 2281 requerretz
1357 2228 1427 2281 qe
1446 2227 1589 2265 nous
1614 2221 1927 2265 retornoms
1953 2227 1988 2264 a
2013 2210 2068 2264 la
2094 2208 2426 2278 compaigne
2443 2210 2513 2264 de
2532 2219 2721 2265 nostre
2747 2209 3016 2265 treschier
3040 2211 3269 2281 seignur

698 2307 755 2353 et
781 2315 929 2368 amy,
945 2308 1003 2353 et
1026 2315 1168 2354 nous
1196 2298 1478 2368 signefietz
1503 2315 1573 2369 qe
1600 2298 1710 2354 sire
1729 2298 1939 2367 Hughe
1965 2298 2013 2353 le
2042 2298 2367 2367 Despenser
2388 2308 2513 2353 nest
2539 2313 2642 2367 pas
2667 2309 2859 2353 nostre
2885 2299 3266 2368 mauvoillant,

699 2384 823 2440 ainz
848 2386 1105 2441 voudroit
1142 2398 1333 2443 nostre
1370 2387 1502 2442 bien
1538 2385 1750 2442 sicome
1786 2402 1926 2440 vous
1964 2384 2143 2440 dides.
2217 2385 2310 2439 De
2347 2383 2438 2456 qai
2476 2385 2652 2440 moult
2690 2402 2833 2440 nous
2871 2386 3267 2455 mervaillomS,

701 2490 798 2529 car
822 2490 960 2529 vous
985 2492 1055 2530 ne
1080 2485 1238 2531 autre
1265 2475 1337 2531 de
1362 2475 1508 2530 seint
1529 2474 1927 2531 entendement
1952 2491 2024 2529 ne
2049 2472 2241 2529 devetz
2267 2491 2419 2529 erere
2444 2489 2516 2543 qe
2540 2490 2682 2528 nous
2708 2474 3010 2530 lessisiems
3036 2476 3092 2531 la
3117 2493 3268 2531 com-

699 2562 924 2632 paignie
958 2563 1028 2619 de
1066 2573 1256 2619 nostre
1293 2564 1376 2618 dit
1415 2563 1640 2632 seignur
1676 2581 1846 2617 saunz
1882 2571 2010 2632 trop
2048 2567 2248 2631 graunt
2287 2578 2456 2618 cause
2487 2572 2544 2617 et
2581 2563 2893 2629 resonable,
2918 2574 2972 2619 et
2998 2563 3045 2619 si
3072 2581 3173 2620 ceo
3198 2581 3268 2621 ne

696 2650 808 2705 sust
842 2668 946 2721 pur
969 2652 1020 2706 le
1054 2651 1191 2722 peril
1228 2652 1298 2706 de
1334 2661 1526 2707 nostre
1562 2668 1727 2721 corps
1762 2649 2036 2706 eschuver
2071 2660 2127 2705 et
2165 2667 2271 2720 pur
2306 2650 2360 2704 la
2397 2649 2569 2705 doute
2603 2650 2676 2707 de
2705 2650 2788 2706 dit
2816 2652 3042 2722 Hughe,
3068 2652 3180 2723 qad
3217 2653 3269 2709 le

700 2750 1102 2808 governement
1127 2739 1199 2795 de
1222 2750 1411 2794 nostre
1438 2739 1519 2794 dit
1546 2739 1772 2809 seignur
1795 2749 1851 2794 et
1877 2738 1950 2792 de
1975 2746 2095 2793 tout
2122 2755 2225 2792 son
2251 2737 2501 2805 roialme,
2525 2747 2582 2793 et
2608 2737 2663 2809 qi
2690 2756 2832 2794 nous
2857 2740 3113 2797 voudroit
3139 2740 3269 2797 des-

701 2827 945 2882 honurer
967 2845 1002 2881 a
1027 2845 1130 2882 son
1166 2827 1339 2898 poiar,
1366 2827 1576 2882 sicome
1612 2845 1754 2882 nous
1790 2843 2014 2883 esumes
2050 2825 2181 2881 bien
2220 2825 2497 2896 certaings
2520 2836 2576 2882 et
2600 2827 2730 2882 bien
2764 2828 2982 2882 lavoms
3011 2846 3269 2899 esprove,

700 2925 927 2970 coment
963 2932 1036 2985 qe
1070 2932 1212 2970 nous
1249 2916 1468 2984 layoms
1507 2914 1796 2970 dissimule
1836 2916 2156 2983 longement
2194 2932 2299 2985 pur
2326 2915 2377 2969 le
2411 2914 2549 2985 peril
2584 2915 2877 2973 eschuver.
2950 2918 3043 2983 Et,
3072 2927 3269 2983 certe&

701 3019 841 3058 nous
873 3003 1166 3072 desyroms
1200 3020 1297 3058 sur
1329 3014 1480 3059 toute
1518 3003 1684 3068 riens,
1709 3019 1873 3074 apres
1902 3003 2048 3057 Dieu
2073 3012 2131 3057 et
2158 3002 2210 3057 le
2236 3012 2467 3057 sauvete
2503 3002 2575 3058 de
2608 3013 2801 3059 nostre
2834 3004 3000 3072 alme,
3025 3015 3173 3060 estre
3196 3022 3268 3060 en

702 3090 758 3144 la
791 3090 1143 3160 compaignie
1176 3090 1248 3146 de
1280 3101 1470 3147 nostre
1507 3091 1590 3146 dit
1629 3089 1857 3160 seignur
1879 3099 1936 3146 et
1961 3090 2115 3146 vivre
2139 3100 2196 3145 et
2227 3087 2400 3144 morir
2431 3106 2502 3145 en
2526 3090 2699 3158 ycele.
2774 3090 2834 3146 Si
2867 3108 3008 3146 vous
3041 3092 3271 3162 prioms,

702 3188 871 3248 tanqe
907 3194 1051 3232 nous
1080 3195 1297 3249 pooms,
1323 3195 1395 3249 qe
1419 3195 1560 3233 vous
1598 3195 1741 3233 nous
1772 3188 1930 3247 ayets
1962 3194 2067 3248 pur
2100 3195 2305 3234 excuse
2328 3177 2400 3233 de
2425 3193 2526 3232 ceo
2550 3195 2622 3248 qe
2645 3195 2786 3232 nous
2811 3195 2883 3234 ne
2908 3195 3108 3248 pooms
3132 3179 3270 3234 faire

703 3282 805 3321 ceo
829 3282 900 3336 qe
925 3282 1066 3320 vous
1103 3283 1246 3321 nous
1279 3277 1560 3337 requeretz
1596 3283 1667 3321 en
1706 3282 1808 3321 ceo
1842 3283 1959 3333 cas,
1983 3282 2082 3321 car
2105 3283 2177 3320 en
2202 3266 2334 3320 nule
2369 3282 2601 3334 manyre
2634 3282 2779 3320 nous
2804 3283 2875 3321 ne
2900 3283 3156 3337 porroms
3181 3283 3269 3322 re-

701 3364 928 3409 tourner
951 3370 1022 3408 en
1048 3354 1102 3409 la
1126 3353 1479 3424 compaignie
1503 3355 1575 3409 de
1602 3363 1790 3409 nostre
1810 3353 1892 3408 dit
1916 3353 2144 3423 seignur
2168 3370 2337 3408 saunz
2363 3369 2504 3407 nous
2528 3362 2728 3409 mettre
2752 3370 2822 3409 en
2850 3353 2987 3424 peril
3012 3355 3084 3410 de
3108 3366 3272 3421 mort,

702 3442 878 3497 dount
923 3459 1064 3496 nous
1107 3459 1295 3498 sumes
1330 3460 1401 3497 en
1435 3443 1560 3513 plus
1596 3452 1797 3511 graunt
1835 3440 2115 3497 meschies
2140 3457 2211 3511 qe
2246 3439 2489 3497 escrivre
2513 3458 2585 3495 ne
2622 3457 2838 3512 poomS,
2864 3453 2969 3498 etc.
3045 3444 3212 3498 Done
3235 3459 3272 3496 a

706 3529 881 3598 Paris,
906 3530 1213 3599 Mesqerdy
1228 3546 1395 3600 apres
1421 3530 1475 3584 la
1502 3528 1896 3585 Chaundelure
1925 3527 1978 3599 [5
2008 3530 2146 3584 Feb.
2179 3526 2382 3598 1326].”
2419 3527 2512 3583 Ad
2550 3528 2675 3594 boc,
2703 3545 2771 3583 ex
2794 3539 2989 3584 tenore
3021 3529 3271 3600 appella·

702 3616 869 3672 tionis
895 3615 1180 3688 praedictae
1198 3628 1255 3672 et
1274 3617 1570 3688 propositis
1592 3616 1647 3671 in
1666 3616 1886 3683 eadem,
1904 3617 2202 3672 manifeste
2225 3626 2378 3688 patet
2403 3627 2809 3686 proponentem
2824 3627 2879 3672 et
2899 3618 3269 3688 appellantem

704 3722 829 3761 esse
854 3704 1561 3775 perJurumss—Scnptores
1584 3705 1651 3758 X
1648 3744 1678 3771 .,
1707 3705 1936 3771 2766-8.

779 3794 829 3848 It
856 3793 960 3847 has
985 3792 1214 3862 already
1237 3793 1380 3848 been
1406 3809 1558 3860 seen,
1582 3792 1724 3847 from
1753 3792 1966 3848 Dene's
1999 3802 2238 3847 account
2266 3791 2485 3860 (above,
2510 3808 2566 3862 p.
2593 3790 2741 3860 203),
2769 3792 2889 3847 that
2916 3792 3149 3848 Orleton
3175 3792 3271 3848 de·

703 3880 894 3937 clared
919 3880 973 3934 in
1001 3879 1097 3936 the
1123 3880 1453 3951 parliament
1477 3880 1540 3935 of
1572 3881 1667 3935 the
1693 3881 1788 3947 7th
1812 3883 2064 3953 January
2089 3880 2211 3935 that
2236 3880 2333 3935 the
2357 3896 2537 3950 queen
2563 3879 2745 3934 would
2771 3880 2843 3934 be
2868 3880 3169 3935 murdered
3196 3881 3271 3950 by

703 3969 804 4024 her
828 3967 1105 4035 husband,
1131 3967 1180 4022 is
1196 3968 1298 4023 she
1323 3969 1585 4024 returned
1610 3978 1670 4023 to
1696 3968 1833 4023 him.
1910 3970 1976 4022 ln
2003 3970 2101 4022 the
2127 3968 2459 4038 judgement
2483 3967 2693 4037 passed
2720 3983 2868 4038 upon
2898 3967 3191 4023 Mortimer
3214 3968 3270 4023 in

704 4057 799 4111 the
824 4056 1157 4127 parliament
1181 4055 1247 4110 os
1266 4057 1591 4111 November
1620 4071 1774 4125 1330,
1799 4073 1904 4112 one
1930 4055 1995 4110 os
2016 4056 2113 4111 the
2137 4056 2374 4125 charges
2400 4073 2517 4110 was
2542 4073 2555 4110 ε
2595 4056 2611 4084 ‘
2632 4056 2710 4110 Le
2735 4054 2817 4110 dit
2847 4056 3037 4125 Roger
3057 4055 3270 4112 fausse-

703 4154 856 4200 ment
877 4154 934 4199 et
953 4143 1425 4199 malitiousement
1451 4144 1583 4200 mist
1610 4144 1849 4199 descord
1873 4154 2034 4199 entre
2060 4144 2112 4198 le
2136 4143 2290 4213 piere
2314 4152 2505 4198 nostre
2532 4142 2755 4212 seignur
2779 4143 2829 4199 le
2854 4143 2935 4198 roi
2954 4154 3011 4199 et
3036 4144 3092 4198 la
3116 4143 3272 4200 roine

705 4249 771 4288 sa
796 4231 1150 4303 compaigne,
1175 4242 1232 4288 et
1264 4232 1317 4287 la
1351 4232 1444 4288 fist
1475 4232 1744 4289 entendre
1770 4248 1858 4302 qe,
1883 4231 1929 4287 si
1967 4232 2053 4289 ele
2086 4231 2229 4287 seust
2264 4248 2443 4288 venue
2468 4248 2503 4286 a
2527 4231 2621 4298 lui,
2646 4230 2736 4301 q’il
2763 4231 2818 4285 la
2841 4242 2966 4288 eust
2991 4242 3112 4287 tuez
3137 4230 3271 4287 d'un
