4154 4895
950 294 1033 355 66
1837 296 1886 354 C
1884 294 2208 356 HRONIC
2206 296 2330 356 ΟΝ
2368 295 2780 355 GALFRID!

597 514 739 564 aa).
752 512 916 566 18⁸0.
949 497 1352 564 Francorum
1397 496 1524 563 hoc
1567 497 1919 562 advertens
1966 497 2174 564 movit
2217 516 2290 562 se
2332 517 2558 562 versus
2601 495 2968 563 exercitum
3007 494 3177 580 regis
3217 492 3503 580 Anglie;
3547 493 3666 579 qui

655 603 855 617 ““““
944 620 1159 706 ipsum
1192 619 1469 683 libenter
1498 630 1866 703 expectans
1898 619 2230 685 revocavit
2265 615 2762 683 Brabantinosu
2851 615 3170 701 Acceptis
3203 616 3427 700 itaque
3463 616 3668 681 literis

941 759 1029 805 ex
1062 749 1248 825 parte
1278 738 1517 805 tiranni
1547 739 1731 823 quod
1767 739 1912 824 ipse
1946 739 2155 804 voluit
2202 759 2351 804 cum
2385 759 2539 822 rege
2568 736 2831 823 preliari
2849 734 2897 815 ¹,
2927 757 3044 801 rex
3076 736 3159 802 cii
3192 736 3442 801 remisit
3483 735 3664 819 quod

944 861 1161 945 ipsum
1180 859 1388 925 voluit
1421 881 1539 945 per
1567 871 1700 925 tres
1731 860 1873 926 dies
1905 860 1969 924 in
2001 880 2243 945 campo
2273 870 2650 944 expectare.
2723 858 2936 942 Igitur
2952 858 3306 942 quatriduo
3337 856 3400 923 in
3424 876 3670 941 campo

945 982 1160 1047 electo
1205 1000 1427 1065 regem
1472 992 1940 1065 expectantem
1987 980 2200 1046 noluit
2245 980 2539 1046 tirannus
2581 979 3114 1065 appropinquare
3151 978 3425 1044 vicinius
3466 996 3669 1062 quam

947 1103 1034 1167 ad
1067 1103 1204 1167 duo
1237 1101 1535 1178 miliaria,
1556 1112 1675 1175 set,
1702 1102 2014 1187 pontibus
2042 1100 2406 1178 confractis,
2435 1112 2502 1166 et
2537 1100 2883 1165 arboribus
2910 1100 3075 1166 cesis
3104 1111 3306 1184 atque
3327 1099 3673 1163 semitrun·

603 1235 880 1288 Hereum
951 1222 1117 1288 catis
1150 1232 1219 1286 et
1264 1221 1326 1285 in
1375 1221 1717 1286 itineribus
1748 1221 1992 1306 patulis
2029 1220 2394 1306 prostratis,
2425 1241 2506 1285 ne
2544 1241 2662 1285 rex
2703 1219 2917 1306 ipsum
2956 1219 3419 1303 insequeretur.
3448 1238 3676 1283 versus

603 1302 834 1438 2¹:3³⁴
958 1341 1279 1407 Parisium
1319 1361 1468 1407 cum
1512 1340 1872 1407 dedecore⁸
1911 1342 2378 1407 revertebatur.
2469 1338 2670 1424 Quod
2715 1341 3100 1424 intelligens,
3131 1361 3248 1405 rex
3292 1339 3558 1423 Anglie‚
3587 1339 3677 1403 de

608 1462 797 1503 ΜΨ*
819 1461 874 1502 ¹⁰
954 1462 1235 1527 concilio
1264 1482 1534 1526 suorum
1566 1462 1949 1540 amicorum,
1982 1473 2254 1548 propter
2282 1461 2608 1528 desectum
2646 1460 3026 1527 victualium
3061 1461 3252 1526 rediit
3285 1481 3401 1545 per
3443 1459 3675 1525 Hano-

608 1518 836 1568 nuh-nt.
955 1583 1134 1648 niam
1187 1582 1253 1646 in
1301 1581 1757 1659 Brabanciam,
1795 1583 1907 1647 ubi
1955 1581 2091 1647 sere
2138 1603 2254 1667 per
2296 1593 2511 1649 totam
2555 1582 2864 1667 hyemem
2912 1581 3382 1667 perendinavit.

608 1716 824 1833 30²3oe
1138 1702 1367 1768 Medio
1411 1702 1757 1787 tempore⁴
1800 1703 2136 1769 contraxit
2184 1722 2491 1787 magnam
2539 1702 2904 1768 amiciciam
2950 1721 3098 1768 cum
3149 1700 3677 1775 flandrerm'bun.

608 1847 837 1898 „aba”
956 1822 1072 1907 qui
1116 1843 1385 1889 omnem
1432 1823 1932 1901 subieccionem,
1968 1823 2374 1907 homagium,
2409 1832 2478 1889 et
2523 1821 2910 1889 fidelitatem
2954 1823 3075 1908 ipsi
3114 1822 3326 1888 iurare
3369 1842 3441 1886 se
3484 1842 3680 1906 para·

616 1916 885 1978 ”⁶⁰⁸⁰ss
958 1955 1210 2021 verunt,
1255 1946 1622 2010 dummodo
1670 1965 1890 2027 regem
1944 1943 2218 2010 Franeie
2269 1965 2341 2009 se
2385 1956 2785 2029 nuncuparet
2839 1954 2908 2011 et
2954 1944 3017 2008 in
3065 1942 3236 2008 illius
3280 1943 3370 2008 rei
3415 1942 3676 2025 signum

959 2085 1146 2128 arma
1197 2063 1406 2129 liliata
1457 2062 1752 2129 extunc⁸
1797 2074 2109 2147 gestaret.
2201 2065 2357 2130 Non
2411 2066 2586 2129 enim
2637 2064 2827 2131 aliter
2874 2065 3204 2131 audebant
3258 2064 3343 2129 eii
3387 2063 3676 2137 obedire,

963 2198 1235 2271 propter
1294 2186 1711 2251 interdictum
1770 2205 1960 2270 pape,
2006 2187 2187 2269 quod
2246 2186 2365 2251 suit
2426 2186 2887 2271 interpositum
2944 2187 3006 2250 in
3060 2206 3214 2251 casu
3266 2205 3403 2269 quo
3449 2198 3680 2249 contra

963 2326 1188 2388 regem
1262 2304 1535 2369 Francie
1599 2304 1808 2370 forent
1876 2325 2167 2390 unquam
2245 2306 2537 2372 rebelles.
2631 2307 2842 2391 Igitur
2904 2308 2989 2372 de
3062 2305 3338 2373 concilio
3409 2324 3679 2369 suorum

616 2442 832 2497 Ειιιηκι
965 2445 1311 2510 procerum
1363 2437 1430 2491 ct
1488 2425 1852 2492 amicorum
1914 2425 2419 2493 flandrensibus
2475 2428 2822 2504 consensit,
2875 2439 2962 2506 et,
3011 2426 3370 2512 assumptis
3413 2425 3682 2491 nomine

614 2526 853 2628 πεῖ,
966 2557 1033 2610 et
1078 2546 1277 2610 armis
1323 2546 1516 2629 regiis
1573 2546 1863 2622 Francie,
1913 2545 2295 2612 Flandriam
2343 2549 2586 2633 recepit
2634 2549 2699 2614 in
2745 2570 2936 2614 suum
2982 2548 3434 2622 dominatum;
3495 2545 3680 2611 cuius

616 2642 899 2691 “pm
970 2664 1182 2730 incole
1248 2665 1463 2750 ipsum
1533 2675 1779 2732 extunc
1860 2687 1977 2750 per
2040 2687 2358 2752 magnum
2436 2681 2718 2753 tempus,
2777 2681 3122 2754 tamquam
3189 2668 3326 2752 regi
3403 2665 3678 2732 Francie

967 2786 1407 2869 conquestori‚
1445 2786 1508 2850 in
1555 2786 1863 2850 omnibus
1907 2787 2329 2854 obediebant.

622 2922 834 2987 Philip&
1144 2906 1250 2971 De
1283 2905 1480 2971 titulo
1516 2918 1582 2971 ct
1612 2908 1814 2971 armis
1855 2908 2328 2991 prenominatis
2363 2910 2584 2976 taliter
2619 2909 3079 2995 alloquebatur
3114 2909 3449 2995 quondam
3489 2906 3680 2990 Ang-

619 2988 918 3106 m?
969 3024 1131 3092 licos
1175 3026 1302 3090 sibi
1348 3027 1582 3091 missos
1615 3027 1913 3092 tirannus
1954 3028 2393 3096 Francorum:
2455 3037 2471 3065 ⁸
2497 3029 2742 3115 Quod,⁸
2785 3032 3014 3115 inquit,
3058 3036 3412 3113 ‘cognatus
3457 3041 3682 3093 noster

969 3167 1156 3212 arma
1185 3148 1353 3230 gerit
1390 3149 1715 3231 quadrata
1750 3150 1835 3214 de
1873 3150 2073 3214 armis
2113 3149 2385 3218 Francie
2419 3163 2486 3217 et
2524 3152 2771 3236 Anglie
2806 3152 3288 3237 compaginatis
3322 3170 3454 3215 non
3489 3149 3682 3214 nobis

968 3266 1291 3351 displicet,
1346 3288 1470 3353 pro
1526 3288 1608 3332 eo
1660 3269 1840 3352 quod
1896 3271 2269 3354 pauperiori
2324 3285 2545 3338 nostre
2601 3272 2936 3358 parentele
2988 3271 3370 3337 bachulario
3423 3283 3682 3355 partem

968 3409 1303 3452 armorum
1376 3400 1748 3454 nostrorum
1801 3390 2120 3472 regalium
2174 3391 2453 3457 libenter
2500 3394 3007 3459 concederemus
3064 3391 3524 3466 deserendam;
3583 3403 3682 3454 set

970 3509 1150 3591 quod
1185 3508 1248 3572 in
1279 3508 1412 3572 suis
1442 3508 1658 3592 sigillo
1687 3520 1754 3573 et
1786 3509 1989 3574 literis
2019 3512 2200 3595 prius
2229 3514 2523 3579 nominat
2555 3534 2625 3578 se
2655 3534 2873 3598 regem
2901 3511 3147 3596 Anglie
3177 3532 3380 3595 quam
3415 3511 3685 3576 Francie

969 3641 1034 3692 et
1075 3628 1359 3713 primum
1395 3629 1796 3713 quarterium
1842 3652 2111 3696 suorum
2156 3653 2488 3699 armorum
2533 3654 2684 3701 cum
2733 3635 3060 3718 leopardis
3104 3632 3444 3717 anteponit
3491 3651 3688 3715 quar·

972 3749 1139 3813 terio
1181 3748 1390 3814 liliato
1434 3771 1555 3814 nos
1593 3751 1946 3834 angustiat,
1980 3751 2278 3819 videntes
2311 3757 2492 3839 quod
2535 3775 2805 3840 parvam
2844 3752 3122 3819 insulam
3159 3752 3406 3836 Anglie
3441 3771 3688 3834 mag-no

973 3889 1179 3950 regno
1261 3869 1533 3936 Francie
1604 3871 1963 3956 preiudioet
2022 3871 2522 3942 honorandam.'
2635 3875 2762 3942 Cui
2835 3876 3143 3941 dominus
3211 3873 3537 3939 Iohannes
3600 3873 3688 3937 de

977 3989 1337 4056 Schordich
1351 3990 1396 4069 ⁴,
1429 3991 1615 4056 milet
1652 4003 1721 4058 et
1750 3993 2023 4060 nuncius
2068 3994 2239 4079 regis
2275 3995 2522 4080 Anglie
2538 3994 2585 4075 '‚
2615 3996 2949 4081 respondit
2988 3997 3188 4081 quod,
3223 3995 3468 4060 usitato
3505 4013 3690 4058 more

1252 4167 1267 4198 ¹
1310 4167 1704 4226 marinos.
1731 4171 1796 4228 C.
2149 4169 2458 4244 ‘praeliare
2485 4176 2548 4232 B.
2905 4172 2926 4206 ⁸
2963 4174 3420 4233 addedecmc.

1122 4253 1141 4284 ⁶
1179 4255 1433 4325 tempori.
1464 4257 1527 4311 B.
1800 4254 1821 4288 ⁸
1858 4255 2172 4316 deextunc.
2217 4262 2278 4316 B.
2566 4261 2586 4292 ‘
2625 4262 2923 4320 Sbordicb.
2962 4265 3026 4319 C.
3309 4259 3330 4292 ¹
3367 4277 3472 4314 m.
3517 4261 3580 4316 B.
