4154 4895
970 250 1087 314 106
1853 258 1902 314 C
1901 258 2221 314 HRONIC
2222 258 2342 314 ΟΝ
2383 258 2790 314 GALFRIDI

614 476 926 528 masso.
961 459 1237 544 pectinis
1269 457 1517 536 ruituri,
1549 458 1729 542 quod
1765 459 1827 522 in
1872 459 2194 543 principio
2229 458 2352 523 suit
2394 459 2482 523 ab
2518 458 2734 524 officio
2771 458 3002 523 debito
3042 479 3432 543 suspensum
3465 472 3672 543 atque

615 678 717 730 and

686 2653 872 2703 tm.

967 579 1237 646 Gallicis
1298 579 1613 645 traditum
1675 580 1881 644 tutele
1941 581 2004 643 in
2066 579 2328 644 illorum
2376 579 2773 644 delusoriam
2828 580 3463 646 assecuritacionem.
3549 579 3670 644 Ad

965 697 1313 782 strepitum
1344 697 1491 761 saxi
1533 708 1599 761 et
1642 698 1862 781 pontis
1904 696 2090 762 fracti
2128 697 2364 760 armati
2410 697 2760 771 anacorite,
2797 696 3077 781 depulso
3109 718 3298 761 muro
3330 696 3514 762 fictili
3551 718 3672 761 eos

967 817 1357 895 occultante,
1401 829 1877 902 apostatarunt,
1920 828 1985 881 et
2032 817 2119 882 ad
2161 837 2352 881 suum
2402 817 2701 881 ordinem
2747 817 2987 882 milites
3037 817 3477 899 Francigenas
3521 838 3674 882 coe·

967 950 1201 1024 gerunt
1233 939 1377 1004 dira
1405 937 1807 1004 salutacione
1851 937 2182 1002 invitatos.
2274 937 2565 1002 Insultus
2606 939 2957 1003 acerrimus
2997 959 3199 1022 quam
3239 939 3352 1004 diu
3391 939 3674 1011 duravit,

968 1072 1069 1125 set
1144 1060 1413 1125 tandem
1487 1058 1725 1125 devicti
1800 1058 2023 1124 hostes
2098 1057 2484 1143 suppliciter
2558 1059 2880 1125 victorum
2956 1058 3278 1123 voluntati
3345 1078 3416 1122 se
3488 1078 3674 1123 com·

973 1181 1309 1246 miserunt.

1148 1301 1465 1367 Extranei
1510 1302 1624 1386 qui
1670 1322 1800 1366 non
1848 1301 2190 1379 intrarunt,
2235 1303 2459 1367 statim
2509 1314 2862 1387 postquam
2911 1314 3338 1388 perceperunt
3401 1322 3672 1366 suorum

969 1423 1395 1499 delusionem,
1440 1435 1626 1506 terga
1662 1435 2036 1501 verterunt;
2083 1443 2251 1506 quos
2290 1423 2600 1488 dominus
2643 1445 2780 1499 rex,
2817 1444 2968 1491 cum
3013 1425 3430 1509 paucioribus
3470 1442 3674 1507 quarn

969 1546 1253 1610 sedecim
1315 1544 1588 1609 armatis
1650 1554 1717 1608 et
1778 1545 2056 1610 totidem
2133 1545 2488 1627 sagittariis
2563 1545 2777 1629 ipsum
2853 1560 3199 1610 vocantem
3275 1558 3375 1608 set
3450 1556 3676 1608 tamen

969 1666 1267 1750 ignotum
1312 1664 1797 1739 comitantibus,
1842 1665 2155 1748 fugitivos
2201 1665 2477 1743 lacessit,
2525 1666 2768 1730 multos
2815 1666 3187 1750 prostravit,
3231 1676 3296 1730 et
3345 1666 3409 1729 in
3470 1686 3678 1749 parvo

972 1798 1272 1869 tempore
1322 1786 1515 1851 valde
1556 1786 1954 1870 periculosos
2006 1786 2263 1851 labores
2307 1788 2664 1871 superavit.
2753 1787 3041 1869 Cognita
3087 1787 3356 1852 demum
3411 1785 3676 1851 Franci·

971 1905 1195 1991 genis¹
1247 1908 1732 1991 insequencium
1781 1907 2129 1991 paucitate,
2173 1909 2511 1991 octoginta
2557 1908 2676 1971 viri
2724 1920 3128 1973 armatorum
3176 1921 3406 1972 contra
3453 1926 3674 1989 regem

972 2048 1045 2093 se
1110 2027 1463 2111 religarunt
1485 2026 1531 2090 ¹.
1644 2026 1800 2092 Non
1859 2028 2074 2093 audeo
2117 2028 2447 2113 sapiencie
2507 2048 2626 2095 nec
2684 2029 2970 2094 discrete
3032 2028 3269 2093 milicie
3328 2041 3426 2094 set
3489 2047 3680 2110 mag·

972 2149 1344 2213 nanimitati
1386 2148 1555 2232 regis
1590 2148 1914 2214 ascribere
1959 2147 2138 2213 illam
2185 2169 2370 2213 suam
2414 2149 2479 2212 in
2517 2148 2740 2213 hostes
2785 2150 3333 2234 persecucionem,
3373 2149 3680 2232 quamvis

976 2269 1140 2333 bene
1173 2269 1235 2333 in
1276 2279 1465 2333 tanto
1506 2267 1794 2352 periculo
1832 2268 2045 2352 ipsum
2091 2280 2350 2334 constet
2395 2289 2531 2333 rem
2573 2270 2896 2353 gessisse³
2926 2283 3012 2341 et,
3045 2271 3266 2353 gracia
3303 2269 3426 2333 Dei
3463 2269 3676 2353 ipsum

977 2400 1411 2475 preservante,
1442 2388 1755 2454 honorem
1787 2388 2235 2455 ventilacionis
2268 2401 2654 2475 reportasse.
2757 2390 2893 2456 Ubi
2927 2411 3163 2475 nempe
3194 2391 3356 2456 vidit
3393 2390 3447 2454 Ρ
3451 2410 3682 2454 raneos

978 2511 1306 2594 religatos,
1363 2511 1599 2576 abiecit
1666 2511 1868 2594 gladii
1929 2511 2254 2594 vaginam,
2312 2524 2378 2576 et
2438 2533 2593 2576 suos
2665 2513 3040 2578 confortans
3111 2524 3314 2595 atque
3389 2513 3678 2597 ipsorum

977 2628 1302 2693 staciones
1331 2628 1684 2711 disponens
1713 2629 1798 2692 ad
1831 2628 2100 2693 viriliter
2135 2631 2464 2712 agendum
2499 2630 2899 2715 provocavit
3000 2628 3342 2712 Sagittarii
3372 2630 3579 2695 eciam
3617 2631 3680 2692 in

982 2750 1260 2814 marisco
1290 2771 1330 2813 a
1362 2748 1675 2814 lateribus
1702 2761 2107 2814 armatorum
2139 2752 2571 2815 constiterunt
2607 2752 2667 2815 in
2705 2752 2893 2817 siccis
2926 2752 3300 2816 monticulis
3335 2765 3398 2815 et
3434 2751 3682 2814 limosis

982 2869 1333 2955 paludibus
1382 2869 1873 2946 circumvallati,
1918 2890 2001 2934 ne
2057 2872 2345 2954 graviter
2402 2872 2639 2936 armati
2701 2873 2954 2955 equites
3009 2886 3123 2937 aut
3187 2873 3442 2956 pedites
3503 2873 3681 2955 ipsos

981 2990 1249 3055 fuissent
1298 2991 1590 3066 insecuti,
1620 2990 1779 3073 quin
1826 2991 2056 3075 pocius
2103 2988 2472 3055 submersi⁸
2523 2992 2584 3056 in
2633 2991 3010 3056 bitumine⁸.
3104 2991 3262 3056 Illos
3306 2993 3512 3057 eciam
3561 3013 3680 3054 rex

980 3110 1359 3178 confortans
1401 3121 1466 3175 et
1512 3111 1598 3176 ad
1644 3111 1743 3175 sui
1806 3111 2120 3197 pietatem
2181 3113 2438 3177 decenti
2499 3114 2788 3178 alliciens
2847 3113 3191 3188 blandicia‚
3251 3115 3340 3178 sic
3407 3113 3682 3178 affatur:

980 3239 997 3266 ⁸
1022 3233 1197 3298 Bene
1236 3228 1466 3304 sacitc,’
1503 3232 1820 3315 inquiens,
1852 3233 2336 3308 ‘arcitenentcs,
2367 3248 2433 3298 et
2480 3235 2714 3299 scitote
2749 3235 2929 3318 quod
2969 3257 3097 3316 ego
3137 3255 3281 3298 sum
3319 3235 3686 3298 Eduardus

982 3353 1068 3418 de
1116 3351 1615 3436 Wyndesore⁸·'
1708 3351 2012 3436 Cognitis
2059 3367 2215 3419 tunc
2263 3354 2548 3440 primum
2597 3335 2766 3438 regis
2811 3356 3141 3439 presencia
3187 3369 3250 3419 et
3299 3355 3686 3420 necessitate

984 3474 1150 3538 bene
1194 3472 1489 3550 faciendi,
1532 3474 1853 3556 sagittarii
1899 3475 2225 3538 nudantes
2269 3474 2430 3540 sua⁷
2469 3476 2706 3560 capita,
2754 3474 3020 3540 brachia
3060 3489 3123 3539 et
3173 3489 3460 3560 pectora,
3503 3476 3684 3538 omni

982 3615 1103 3660 sua
1147 3595 1387 3658 virtute
1430 3595 1689 3678 sagittis
1733 3614 1861 3658 non
1924 3596 2272 3678 perdendis
2333 3597 2698 3672 incubuere,
2742 3609 2807 3661 ct
2871 3595 3160 3661 Gallicos
3217 3597 3688 3680 appropiantes

982 3717 1195 3782 acutis
1253 3717 1512 3800 sagittis
1571 3715 1895 3780 salutatos
1952 3717 2189 3782 acriter
2247 3719 2440 3783 valde
2507 3731 2907 3802 receperunt.
3027 3717 3298 3782 Armati
3365 3729 3682 3782 steterunt

984 3857 1071 3900 ex
1106 3849 1382 3920 utraque
1413 3847 1600 3920 parte
1629 3857 1825 3920 super
1856 3835 2124 3920 longum
2167 3851 2232 3902 et
2269 3850 2486 3904 artum
2525 3840 2994 3923 pavimentum,
3027 3838 3089 3901 in
3125 3839 3310 3904 cuius
3343 3838 3688 3901 latitudine

1058 4020 1075 4055 ¹
1110 4040 1219 4078 on.
1262 4024 1323 4079 B.
2101 4025 2122 4056 ⁸
2157 4042 2214 4080 se
2237 4025 2423 4096 relig]
2450 4043 2556 4080 om.
2597 4027 2658 4082 C.

1058 4107 1079 4140 ⁸
1113 4107 1421 4182 qmm[v]is
1477 4111 1531 4167 in
1587 4123 1747 4166 tanto
1806 4110 2053 4183 periculo
2115 4113 2296 4183 ipsum
2359 4125 2576 4169 constet
2633 4113 2916 4182 egregium
2975 4113 3188 4167 facinus
3249 4113 3394 4168 bene
3453 4111 3690 4166 fambre?

986 4197 1284 4269 peregit-e.
1323 4200 1387 4255 C.
1617 4199 1638 4224 ⁴
1676 4199 1971 4268 mbmergi.
2011 4200 2075 4255 C.
2183 4197 2208 4231 ⁰
2244 4201 2513 4254 bitumen.
2555 4201 2618 4255 Β.
2763 4200 2784 4230 ⁸
2822 4202 3184 4270 Wynderore.
3223 4203 3288 4255 C.
3433 4195 3450 4228 ²
3487 4217 3594 4252 nr.
3621 4201 3688 4254 C.
