4154 4895
1281 308 1564 365 NOTES
1607 309 1792 362 ΛΝΒ
1834 309 2532 367 ILLUSTRATIONS.
3135 320 3258 389 179

553 470 724 534 Pago
747 470 803 535 3,
828 470 864 524 l.
889 485 939 540 3.
1013 472 1139 525 Rex
1156 472 1359 542 filium
1395 489 1563 526 suum
1589 514 1602 527 .
1632 513 1646 527 .
1672 514 1684 527 .
1712 473 1940 544 cingulo
1974 474 2229 528 militari
2256 476 2587 530 decoravit.'
2634 478 2742 531 See
2780 477 2874 531 the
2910 476 3131 532 curious
3167 494 3258 532 ac-

696 568 865 612 count
890 559 956 612 of
972 559 1068 614 the
1093 576 1394 629 ceremony
1417 578 1482 615 as
1507 560 1673 630 given
1698 561 1772 629 by
1802 563 2073 616 Matthew
2106 563 2171 616 os
2201 563 2611 631 Westminster,
2638 576 2777 634 454-
2784 577 2830 633 5,
2860 564 2915 619 in
2941 564 3122 619 which
3147 566 3257 620 this

697 662 938 715 passage
974 664 1207 702 occurs:
1247 649 1261 675 ‘
1283 647 1394 703 Die
1427 659 1617 702 autem
1655 648 1898 702 crastina
1934 649 2105 704 cinxit
2135 667 2231 704 rex
2270 650 2442 704 filium
2480 668 2642 705 suum
2681 652 2909 706 baltheo
2945 652 3169 707 militari
3200 653 3256 707 in

694 732 904 802 palatio
930 750 1050 802 suo,
1075 744 1130 789 et
1157 734 1311 790 dedit
1338 736 1388 790 ei
1414 735 1680 790 ducatum
1707 735 2043 805 Aquitaniae.
2123 737 2387 808 Princeps
2421 755 2569 807 erg0,
2597 738 2776 794 factus
2815 739 2993 806 miles,
3020 740 3257 809 perrexit

695 819 754 873 in
787 820 1082 876 ecclesiam
1107 822 1607 888 westmonasterii,
1636 833 1693 877 ut
1728 823 2023 877 consocios
2061 841 2192 878 suos
2220 824 2438 879 militari
2477 825 2653 894 gloria
2679 825 2886 895 pariter
2920 838 3258 882 venustaret.

699 908 873 962 Porro
897 919 1055 965 tanta
1077 921 1195 964 erat
1221 910 1295 965 ibi
1321 927 1583 981 pressura
1607 911 1854 979 gentium
1880 922 2011 966 ante
2038 928 2304 981 magnum
2329 912 2519 981 altare,
2541 914 2692 983 quod
2717 914 2829 968 duo
2850 914 3052 969 milites
3078 931 3255 970 more-

693 1007 898 1061 rentur,
927 997 1284 1068 quamplures
1319 998 1754 1068 syncopizarent,
1780 998 1951 1052 etiam
1982 1016 2110 1054 cum
2136 998 2367 1069 quilibet
2392 1000 2464 1054 ad
2501 1001 2684 1055 minus
2708 1012 2820 1055 tres
2851 1001 3053 1056 milites
3086 1003 3160 1056 ad
3195 1019 3259 1057 se

693 1083 1012 1139 ducendum
1039 1097 1094 1140 et
1118 1086 1388 1140 tuendum
1415 1087 1662 1141 haberet.
1740 1086 2008 1156 Princeps
2033 1096 2240 1153 autem,
2267 1098 2491 1158 propter
2522 1090 2742 1143 turbam
2776 1088 3257 1160 comprimentem,

694 1187 808 1225 non
834 1188 1012 1239 secus,
1041 1173 1141 1227 sed
1169 1190 1337 1243 super
1360 1191 1626 1243 magnum
1652 1174 1846 1239 altare,
1874 1174 2058 1228 divisa
2084 1176 2247 1229 turba
2274 1192 2371 1245 per
2396 1175 2705 1231 dextrarios
2731 1176 3043 1244 bellicosOS,
3072 1178 3256 1232 socios

693 1274 826 1312 suos
850 1258 1037 1315 cinxit.
1111 1261 1273 1315 Tunc
1296 1260 1449 1316 allati
1477 1273 1605 1316 sunt
1631 1261 1687 1316 in
1715 1260 2035 1331 pompatica
2058 1262 2237 1331 gloria
2255 1262 2367 1316 duo
2387 1263 2550 1332 cygni
2573 1266 2655 1317 vel
2684 1265 2863 1318 olores
2890 1275 3023 1319 ante
3050 1282 3255 1334 regem,

691 1346 963 1416 phalerati
989 1347 1198 1402 retibus
1222 1348 1405 1404 aureis
1430 1350 1517 1404 vel
1544 1348 1743 1404 fistulis
1768 1348 2069 1415 deauratiS,
2091 1349 2463 1404 desiderabile
2489 1353 2867 1420 spectaculum
2895 1352 3255 1408 intuentibus.

692 1432 911 1502 Quibus
936 1433 1089 1499 visis,
1115 1453 1209 1490 rex
1234 1445 1427 1490 votum
1452 1436 1620 1503 vovit,
1648 1437 1773 1491 Deo
1800 1435 1926 1491 coeli
1953 1446 2008 1490 et
2034 1437 2230 1506 cygnis
2256 1454 2315 1491 se
2343 1437 2618 1507 proficisci
2646 1438 2701 1492 in
2731 1439 2995 1507 Scotiam,
3016 1449 3254 1494 mortem

691 1521 965 1591 Johannis
993 1524 1209 1592 Comyn
1242 1534 1297 1578 et
1330 1524 1497 1579 fidem
1529 1525 1721 1579 laesam
1756 1526 2053 1579 Scotorum
2093 1524 2253 1578 vivus
2292 1523 2407 1579 sive
2445 1536 2695 1580 mortuus
2733 1525 3129 1591 vindicaturuS,
3155 1527 3253 1581 ad·

686 1607 881 1677 jurans
906 1608 1214 1681 principem
1240 1621 1295 1666 et
1321 1622 1533 1666 ceteros
1570 1612 1869 1682 praecelsos
1894 1611 2045 1665 viros
2080 1621 2261 1678 terrae‚
2291 1611 2400 1666 fide
2435 1611 2539 1666 sibi
2567 1612 2773 1678 debita,
2801 1613 2848 1667 si
2874 1614 2992 1683 ipse
3018 1613 3171 1684 prius
3199 1614 3254 1669 in

689 1696 804 1751 fata
840 1696 1151 1765 decederet,
1177 1715 1378 1770 corpus
1418 1717 1578 1753 suum
1617 1716 1807 1754 secum
1842 1698 1896 1752 in
1924 1698 2177 1754 Scotiam
2216 1699 2269 1753 in
2306 1699 2453 1753 bello
2489 1700 2784 1767 deferrent,
2812 1717 2917 1755 nec
2955 1701 3255 1771 sepelirent

691 1782 828 1838 illud
853 1801 1143 1856 quousque
1169 1787 1449 1841 Dominus
1483 1786 1553 1841 de
1589 1786 1804 1857 perfido
1836 1797 2102 1841 coronato
2138 1796 2192 1841 et
2230 1796 2398 1856 gente
2430 1786 2652 1857 perjura
2687 1787 2935 1843 dedisset
2962 1789 3253 1844 victoriam

689 1882 744 1925 et
784 1872 1160 1943 triumphum!
1235 1875 1513 1944 Compare
1549 1874 1842 1929 Edward’s
1881 1873 2243 1929 instructions
2283 1874 2339 1928 in
2376 1873 2488 1929 this
2527 1876 2637 1929 last
2681 1885 2947 1931 sentence
2985 1876 3118 1930 with
3157 1878 3255 1931 the

695 1958 868 2029 dying
905 1962 1109 2030 charge
1146 1962 1326 2016 which
1366 1964 1411 2017 F
1415 1962 1646 2016 roissart
1686 1960 1797 2029 (ed.
1834 1963 2000 2027 Luce,
2041 1961 2077 2016 i.
2118 1961 2239 2029 114)
2274 1979 2404 2030 says
2443 1962 2514 2017 he
2550 1979 2693 2031 gave
2730 1973 2789 2016 to
2826 1964 2914 2017 his
2953 1980 3093 2018 son:
3145 1966 3252 2019 ‘Et

688 2058 855 2101 avant
881 2048 1011 2118 qu’il
1036 2059 1234 2117 morut‚
1263 2049 1300 2104 il
1327 2049 1416 2104 fist
1449 2050 1695 2120 appeller
1728 2066 1828 2104 son
1863 2050 2055 2104 ainnet
2093 2049 2165 2113 fil,
2193 2049 2286 2120 qui
2321 2050 2377 2103 fu
2416 2049 2527 2104 rois
2565 2050 2748 2120 apries
2787 2050 2880 2119 lui,
2907 2068 3010 2121 par
3042 2051 3250 2106 devant

691 2145 816 2189 tous
842 2153 932 2191 ses
959 2138 1229 2192 hommes.
1305 2140 1380 2192 Et
1407 2138 1443 2191 li
1479 2138 1568 2192 fist
1589 2138 1745 2208 jurer
1778 2154 1874 2192 sus
1909 2137 2076 2193 Sains
2111 2155 2237 2207 que,
2263 2137 2309 2191 si
2352 2148 2462 2192 tost
2494 2138 2621 2208 qu’il
2657 2138 2828 2193 seroit
2856 2141 3186 2208 trespasseS‚
3216 2139 3251 2193 il

690 2223 742 2278 le
767 2223 930 2278 feroit
961 2225 1142 2279 boulir
1176 2243 1246 2281 en
1281 2243 1390 2281 une
1424 2225 1687 2281 caudiere
1725 2235 1847 2279 tant
1885 2242 1992 2295 que
2031 2225 2069 2279 li
2108 2226 2246 2279 char
2284 2243 2344 2280 se
2381 2224 2633 2295 partiroit
2671 2225 2775 2280 des
2811 2243 2895 2292 os,
2921 2237 2976 2281 et
3002 2226 3163 2281 feroit
3204 2230 3254 2281 le

689 2310 825 2365 char
848 2322 1045 2367 mettre
1070 2330 1139 2367 en
1167 2322 1310 2368 terre
1335 2323 1390 2368 et
1416 2312 1696 2380 garderoit
1731 2312 1812 2367 les
1839 2330 1918 2367 os.
1996 2315 2072 2367 Et
2107 2321 2292 2368 toutes
2327 2312 2432 2367 fois
2467 2329 2574 2383 que
2608 2312 2645 2366 li
2682 2314 2856 2367 Escot
2892 2313 3253 2369 reveleroient

693 2408 889 2456 contre
915 2400 1008 2470 lui,
1035 2399 1072 2456 il
1099 2400 1402 2471 semonroit
1429 2419 1519 2457 ses
1545 2417 1684 2472 gens
1708 2410 1765 2457 et
1802 2400 2194 2457 assambleroit
2219 2412 2275 2456 et
2311 2400 2579 2471 porteroit
2606 2402 2819 2456 avoech
2862 2400 2936 2456 lui
2974 2402 3053 2457 les
3080 2418 3145 2457 os
3181 2402 3253 2457 de

691 2503 794 2543 son
822 2487 972 2558 pere.
1049 2491 1160 2544 Car
1185 2490 1222 2543 il
1249 2489 1424 2545 tenoit
1451 2490 1783 2545 fermement
1812 2505 1936 2559 que,
1963 2498 2088 2543 tant
2116 2489 2244 2559 qu'il
2271 2489 2412 2544 aroit
2441 2505 2534 2543 ces
2559 2505 2623 2543 os
2650 2490 2865 2544 avoech
2895 2490 2987 2558 lui,
3010 2490 3046 2544 li
3076 2491 3250 2545 Escot

688 2575 959 2630 n'aroient
985 2576 1141 2647 point
1167 2577 1376 2632 victore
1401 2587 1593 2632 contre
1619 2576 1713 2631 lui.
1790 2576 1854 2631 Li
1881 2578 2038 2647 quels
2074 2594 2147 2631 ne
2170 2576 2414 2646 acompli
2441 2575 2581 2631 mies
2615 2576 2719 2631 che
2746 2577 2874 2647 qu’il
2900 2576 3052 2632 avoit
3086 2577 3252 2649 juret.

687 2661 828 2718 Ains
854 2663 943 2718 fist
970 2681 1071 2719 son
1098 2663 1228 2735 pere
1254 2674 1505 2735 raporter
1529 2665 1563 2718 a
1593 2664 1862 2732 Londres,
1887 2674 1944 2719 et
1971 2665 2025 2718 la
2050 2663 2329 2735 ensepelir
2353 2674 2549 2718 contre
2585 2681 2686 2718 son
2714 2663 3027 2720 sierement.
3106 2666 3254 2720 Pour

685 2750 814 2820 quoi
843 2750 879 2805 il
905 2752 940 2806 li
965 2753 1212 2808 meschei
1238 2752 1311 2807 de
1342 2753 1466 2823 puis
1491 2770 1560 2807 en
1579 2753 1853 2822 pluiseurs
1881 2750 2179 2817 manieres,
2206 2751 2251 2806 si
2279 2768 2406 2806 com
2434 2768 2570 2806 vous
2590 2751 2726 2806 aves
2752 2769 2842 2821 oy,
2858 2762 2915 2807 et
2942 2753 3248 2823 premiere-

685 2849 838 2893 ment
866 2840 901 2893 a
925 2841 976 2895 le
999 2840 1227 2898 bataille
1251 2841 1324 2895 de
1349 2840 1645 2905 Struvelin,
1672 2841 1726 2895 la
1750 2840 1823 2894 ou
1848 2839 1884 2893 li
1914 2841 2088 2893 Escot
2112 2850 2307 2894 eurent
2334 2838 2546 2893 victore
2571 2850 2764 2893 contre
2793 2839 2903 2894 lui.'

753 2926 879 2981 The
927 2928 1116 2996 duchy
1148 2926 1213 2982 os
1243 2927 1545 2998 Aquitaine
1585 2945 1698 2981 was
1741 2927 2031 2982 conserred
2082 2942 2230 2996 upon
2271 2926 2367 2981 the
2418 2925 2626 2996 prince,
2667 2926 2761 2992 7th
2803 2927 2979 2997 April,
3030 2929 3178 2997 1306.
3196 2960 3249 2968 -·

685 3013 934 3081 Foedera,
963 3014 998 3071 i.
1022 3017 1145 3084 983.

540 3196 682 3208 —
708 3170 742 3222 l.
766 3170 818 3224 6.
890 3171 1099 3224 Petrus
1135 3170 1308 3224 eciam
1348 3169 1415 3224 de
1453 3170 1779 3236 Gavestone,
1813 3179 1919 3224 etc.
1993 3169 2281 3224 Gaveston
2312 3186 2434 3248 ,was
2476 3168 2713 3224 ordered
2756 3168 2832 3238 by
2868 3169 2963 3224 the
3001 3169 3155 3238 king,
3191 3181 3249 3226 at

687 3258 1008 3324 Lanercost,
1050 3259 1184 3313 26th
1230 3259 1366 3313 feb.
1410 3270 1561 3326 1307,
1588 3269 1648 3312 to
1691 3258 1846 3312 leave
1882 3257 1978 3311 the
2016 3256 2288 3325 kingdom
2329 3256 2385 3311 in
2423 3256 2578 3311 three
2621 3257 2823 3322 weeks,
2862 3256 3060 3326 dating
3105 3257 3248 3311 from

691 3345 816 3399 nth
843 3345 1345 3416 April.-Foedera,
1374 3345 1407 3400 i.
1442 3359 1590 3400 1010.
1665 3348 1774 3400 See
1808 3345 1903 3399 the
1937 3343 2160 3399 curious
2194 3352 2431 3399 account
2458 3343 2523 3397 os
2550 3342 2843 3398 Edward’s
2869 3344 3088 3414 quarrel
3116 3345 3246 3399 with

683 3431 773 3486 his
797 3449 920 3499 son,
946 3433 1106 3488 when
1131 3433 1226 3487 the
1251 3434 1416 3487 latter
1438 3433 1613 3487 asked
1640 3433 1728 3487 sor
1751 3433 1845 3487 the
1872 3441 2079 3501 county
2103 3431 2167 3486 οἱ
2190 3430 2466 3486 Ponthieu
2491 3430 2576 3487 sor
2602 3431 2692 3485 his
2721 3430 3012 3500 favourite,
3037 3449 3102 3487 as
3128 3433 3247 3487 told

684 3519 760 3588 by
788 3520 1237 3590 Hemingburgh,
1265 3519 1320 3576 ii.
1346 3533 1466 3586 272.

539 3678 680 3692 -—
709 3652 740 3705 l.
776 3665 855 3716 14.
931 3651 1108 3706 Cuius
1130 3654 1331 3721 corpus
1354 3651 1516 3720 apud
1546 3650 2126 3715 Westmonasterium,
2153 3659 2259 3703 etc.
2336 3647 2627 3704 Edward's
2651 3647 2800 3717 body
2827 3664 2939 3702 was
2963 3647 3160 3702 buried
3185 3655 3244 3702 at

681 3738 1077 3793 Westminster
1100 3755 1172 3793 on
1199 3738 1294 3792 the
1321 3738 1452 3803 27th
1482 3738 1601 3804 (not
1629 3737 1784 3805 28th)
1814 3737 2082 3803 October,
2114 3748 2265 3805 1307.

538 3896 679 3910 ——
707 3870 740 3923 1.
768 3884 797 3922 2
803 3883 853 3937 3.
927 3869 1053 3922 Rex
1078 3867 1410 3923 Edwardus
1438 3866 1737 3921 IsabeIIam
1767 3906 1781 3920 .
1808 3908 1821 3921 .
1855 3907 1868 3921 .
1895 3906 1909 3921 .
1935 3866 2047 3920 sibi
2076 3866 2385 3937 copulavit.
2462 3866 2707 3921 Edward
2744 3865 2798 3918 in
2826 3882 2859 3919 a
2884 3866 3044 3919 letter
3066 3874 3124 3919 to
3148 3864 3245 3918 the

681 3956 819 4025 king
844 3955 909 4009 os
927 3957 972 4010 F
977 3973 1161 4022 rance,
1188 3956 1317 4024 3oth
1349 3957 1507 4020 Dec„
1540 3968 1690 4023 1307,
1717 3954 2052 4008 announced
2080 3953 2167 4008 his
2194 3953 2467 4008 intention
2493 3953 2558 4007 of
2579 3953 2749 4022 being
2779 3953 2832 4006 in
2864 3953 3145 4021 Boulogne
3169 3968 3242 4006 on

681 4044 777 4098 the
813 4061 915 4098 eve
951 4043 1013 4097 os
1041 4046 1125 4098 St.
1152 4043 1410 4111 Vincent,
1447 4052 1569 4097 21st
1602 4043 1772 4112 Jan.;
1808 4042 1904 4096 the
1949 4041 2225 4110 marriage
2264 4052 2323 4095 to
2360 4040 2489 4095 take
2525 4041 2684 4110 place
2721 4057 2794 4094 on
2834 4040 2929 4094 the
2961 4038 3242 4108 following

681 4131 1060 4200 Wednesday,
1087 4131 1219 4198 24th
1243 4133 1369 4202 Jan.
1449 4131 1542 4185 He
1567 4128 1664 4184 did
1698 4139 1815 4195 not,
1841 4129 2116 4193 however,
2144 4128 2246 4182 sail
2279 4127 2423 4183 from
2452 4130 2643 4182 Dover
2669 4127 2750 4182 till
2775 4128 2870 4182 the
2901 4126 3160 4196 morning
3183 4127 3250 4181 of

681 4219 777 4276 the
811 4218 976 4274 und.
1053 4221 1144 4274 He
1178 4219 1384 4275 landed
1420 4228 1479 4273 at
1515 4218 1802 4287 Boulogne
1825 4233 1898 4271 on
1935 4217 2030 4271 the
2067 4216 2216 4284 24th‚
2241 4216 2356 4271 and
2390 4232 2503 4271 was
2542 4213 2783 4270 married
2817 4215 2912 4270 the
2947 4216 3236 4284 next.day.

1811 4316 1849 4358 Α
1875 4321 1910 4358 a
1935 4318 1966 4358 2
