4154 4895
1264 277 1377 333 LE
1419 276 1713 334 BAKER
1757 276 1877 332 DE
1918 273 2542 333 SWYNEBROKE.
3129 274 3246 348 14‘1

547 474 930 543 Fortunatis
973 472 1181 538 iniciis
1225 474 1429 540 nostri
1474 474 1783 540 delectati
1829 481 2290 558 processerunt
2333 493 2560 537 versus
2608 471 3089 556 Romerentyn,
3137 472 3249 538 ubi
3288 485 3608 535 A.n.1856.

546 607 841 682 repertos
877 594 1187 662 dominos
1230 596 1318 661 de
1363 594 1583 661 Crone
1627 606 1694 662 et
1742 595 2246 678 Brisegaudum,
2279 593 2517 659 missos
2563 594 2649 658 ad
2697 593 2986 659 officium
3033 594 3253 659 disco·
3354 617 3541 666 2140.

546 718 901 803 operiendi,
957 727 1099 783 tam
1159 716 1629 802 precipitanter
1687 725 2094 800 occuparunt
2153 714 2355 798 quod,
2418 714 2644 780 multis
2718 715 2888 779 ferro
2946 725 3255 781 vastante

549 840 884 924 peremtis,
927 840 1131 905 duces
1186 838 1469 926 agminis
1517 839 1605 903 ad
1659 847 1946 903 castrum
2001 834 2771 921 sugere-compulerunt3
2833 845 2919 913 et,
2968 836 3255 921 captatis

547 959 858 1044 hospiciis
900 962 968 1025 in
1010 963 1189 1043 villa,
1223 963 1523 1048 princeps
1569 959 1758 1024 iussit
1804 956 2210 1042 preconizari
2254 958 2612 1022 crastinum
2658 955 2972 1022 insultum
3019 957 3254 1023 castel-

549 1080 714 1145 lanis
771 1080 1262 1167 applicandum.
1374 1082 1507 1146 Die
1581 1079 1883 1164 sequenti
1943 1078 2421 1163 aggrediuntur
2478 1079 2718 1143 armati
2778 1079 3001 1155 nostri,
3065 1079 3255 1144 fovea
3291 1088 3495 1140 Assault
3519 1089 3578 1139 os

549 1202 842 1278 transita,
889 1224 1113 1269 muros
1163 1204 1380 1281 castri,
1425 1222 1593 1285 quos
1637 1200 1831 1266 scalis
1874 1200 2230 1265 ascendere
2273 1220 2389 1264 seu
2435 1209 2661 1283 portas
2704 1201 3091 1265 comburere
3135 1221 3255 1284 per
3292 1154 3580 1270 gamen

546 1323 806 1388 diversa
834 1324 1070 1390 diversi
1100 1326 1522 1402 festinarunt;
1563 1342 1683 1387 nec
1713 1323 1970 1397 frustra,
2004 1321 2279 1405 ingressi
2312 1321 2560 1404 quippe
2596 1331 2955 1387 necuerunt
2985 1321 3255 1406 agmina
3291 1293 3451 1339 anun.

551 1444 759 1510 multa
790 1444 1142 1528 Quiritum,
1174 1446 1333 1510 dum
1366 1443 1604 1529 prefati
1633 1443 1887 1509 domini
1932 1462 2082 1508 cum
2117 1440 2437 1506 militibus
2468 1462 2598 1505 non
2630 1441 2853 1525 paucis
2893 1443 2978 1506 ad
3019 1463 3253 1507 arxem

551 1565 976 1650 principalem
1022 1566 1473 1632 convolarunt.
1567 1564 1728 1629 Ilico
1773 1563 2082 1649 princeps
2127 1563 2311 1627 iussit
2355 1583 2657 1646 proceres
2701 1563 3051 1628 convenire
3096 1583 3256 1628 con-

551 1684 817 1762 sultum,
862 1684 1204 1753 saciusne¹
1249 1686 1616 1752 declinaret
1659 1683 1946 1765 fugatOS,
1989 1704 2076 1748 an
2130 1683 2475 1748 obsidione
2517 1681 2800 1748 vallatos
2853 1695 3121 1769 cogeret
3166 1685 3253 1749 ad

550 1806 988 1873 dedicionem.
1085 1806 1206 1872 Set
1242 1808 1400 1891 quia
1444 1814 1860 1890 compertum
1882 1802 1908 1841 ²
1940 1815 2043 1870 est
2075 1814 2464 1870 coronatum
2501 1803 2904 1870 Francorum
2936 1826 3069 1870 non
3109 1827 3253 1870 am-

551 1927 721 2012 plius
770 1949 841 1991 x.
886 1927 1089 1994 leucis
1140 1930 1225 1993 ab
1270 1928 1417 2012 ipso
1461 1926 1610 1992 loco
1661 1926 2066 2005 distinctum,
2111 1925 2481 1991 consulcius
2526 1925 2891 1990 diiudicans
2937 1927 3256 1991 immotus

553 2059 942 2133 exspectare
1015 2049 1310 2115 coronati
1372 2048 1699 2113 feritatem
1759 2046 2184 2131 preliaturam
2244 2066 2446 2129 quam
2503 2066 2777 2129 querere
2844 2046 3062 2111 forsan
3121 2067 3255 2111 non

551 2178 1088 2253 exspectaturam
1134 2170 1529 2253 potenciam,
1560 2189 1709 2233 cum
1747 2188 1882 2252 qua
1922 2188 2182 2233 summe
2223 2167 2600 2251 concupivit
2641 2188 2979 2232 conserere
3019 2189 3260 2232 manus

550 2289 946 2369 bellatrices,
987 2290 1301 2355 estimans
1345 2300 1645 2374 preterea
1689 2289 1868 2372 quod
1915 2288 2175 2352 obsidio
2222 2299 2538 2372 congesta
2581 2308 2941 2372 provocare
2982 2288 3257 2354 deberet

553 2409 845 2478 Gallicos
884 2412 968 2477 ad
1012 2412 1151 2477 eius
1196 2410 1718 2490 demolicionem,
1749 2408 2034 2475 finaliter
2079 2409 2510 2475 sentenciavit
2555 2430 2628 2475 se
2674 2430 2805 2475 non
2848 2430 3256 2476 recessurum

550 2529 638 2593 de
689 2526 838 2593 loco
890 2527 1169 2594 subacto
1223 2548 1568 2612 quousque
1619 2527 1908 2592 conclusi
1955 2526 2170 2592 forent
2223 2527 2398 2611 capti
2455 2548 2574 2591 seu
2634 2527 2861 2602 dediti,
2914 2528 3034 2591 nisi
3087 2528 3257 2593 forte

550 2648 794 2714 bellico
845 2650 1205 2716 certamine
1255 2659 1617 2733 cogeretur.
1711 2647 1997 2712 Proinde
2041 2648 2223 2711 iussu
2269 2646 2611 2732 principali
2656 2648 2988 2713 fabricatis
3031 2649 3257 2715 denuo

553 2769 870 2834 machinis
900 2771 1201 2855 petrariis
1237 2779 1306 2835 et
1337 2769 1780 2836 testudinibus
1811 2788 1933 2854 pro
1963 2769 2314 2834 securitate
2336 2768 2774 2848 fossariorum,
2798 2770 2994 2835 certis
3024 2770 3259 2835 officiis

552 2891 685 2957 suis
726 2891 958 2956 intenti
995 2902 1246 2957 tectum
1276 2889 1473 2957 turris
1515 2898 1584 2955 et
1623 2889 2130 2979 propugnacula¹
2159 2889 2431 2974 spericis
2470 2890 2652 2955 saxis
2694 2890 3158 2975 protriverunt,
3189 2902 3264 2957 et

553 3012 621 3076 in
664 3031 993 3096 aggerem,
1040 3011 1155 3095 qui
1207 3012 1471 3096 prebuit
1515 3011 1662 3076 arxi
1709 3011 2232 3087 fundamentum,
2275 3012 2516 3076 sudore
2560 3011 2977 3076 sossariorum
3024 3032 3258 3077 conca-

552 3141 800 3211 vatum,
843 3132 1288 3198 submiserunt
1334 3131 1577 3215 ignem,
1621 3152 1755 3215 quo
1801 3132 2119 3197 meremio
2166 3132 2516 3197 combusto
2563 3132 2744 3214 quod
2790 3152 2912 3215 pro
2957 3141 3260 3215 tempore

555 3253 796 3318 laboris
827 3253 1284 3319 effodiencium
1319 3253 1562 3318 molem
1595 3253 1926 3337 capitibus
1966 3274 2194 3319 eorum
2228 3254 2681 3318 imminentem
2713 3253 2831 3316 vix
2872 3253 3259 3330 sustinebat,

554 3374 721 3440 falso
797 3373 1228 3439 fundamento
1296 3373 1506 3439 moles
1574 3374 1827 3441 obnixa
1883 3375 2119 3440 suisset
2177 3374 2486 3459 prolapsa
2505 3372 2550 3435 ³.
2661 3374 2896 3438 Tantis
2955 3374 3260 3457 periculis

555 3497 959 3581 impotentes
1008 3478 1256 3561 obsessi
1308 3495 1590 3561 salutem
1644 3517 1832 3561 suam
1886 3495 2199 3575 contueri,
2246 3494 2634 3580 suppliciter
2685 3493 3108 3561 obtulerunt⁴
3156 3497 3260 3561 sui

553 3616 987 3696 dedicionem,
1028 3636 1162 3700 qua
1199 3614 1555 3701 plenariter
1595 3618 1680 3682 ad
1722 3616 2135 3683 voluntatem
2177 3616 2490 3702 principis
2528 3616 2853 3692 ordinata,
2889 3617 3069 3681 diem
3106 3636 3261 3683 sex-

553 3749 698 3805 tum
731 3717 1189 3821 prevenerunt.

720 3858 961 3924 Postea
989 3859 1320 3924 redierunt
1351 3858 1825 3945 exploratores,
1858 3858 2238 3925 nunciantes
2269 3859 2447 3943 quod
2481 3868 2830 3925 coronatus
2855 3860 3256 3923 Francorum
3299 3874 3475 3926 Move-

555 3980 895 4044 descendit
926 3979 1288 4045 Turoniam
1321 3990 1683 4045 castrorum
1714 3981 1888 4047 acies
1920 3982 2359 4046 ordinaturus.
2437 3981 2641 4046 Unde
2673 3980 2992 4064 princepS,
3023 3980 3259 4044 avidus
3298 3940 3539 4072 ffissnssn‘g
3553 4004 3613 4056 or

555 4099 710 4168 belli
765 4109 1037 4185 propter
1092 4120 1325 4186 pacem
1384 4123 1517 4185 que
1574 4100 1747 4168 solet
1808 4102 2060 4167 bellum
2127 4101 2449 4176 comitari,
2498 4102 2809 4166 adversus
2868 4110 3257 4166 coronatum
3300 4072 3505 4123 anee.

626 4242 645 4276 ¹
680 4262 755 4302 ne
781 4244 982 4303 sacius.
1008 4249 1075 4303 Β.
1286 4247 1308 4280 ²
1342 4259 1679 4321 compertus.
1707 4251 1772 4305 Β.
1985 4247 2007 4279 ³
2044 4248 2385 4320 prolapsum.
2423 4249 2489 4303 Β.
2705 4244 2727 4277 ⁴
2763 4247 3095 4305 obtulerant.
3132 4249 3200 4302 Β.
