4154 4895
1217 259 1330 315 LE
1372 257 1665 315 BAKER
1707 256 1828 312 DE
1870 253 2493 311 SWYNEBROKE.
3134 243 3217 328 89

504 459 692 525 Naso
757 460 842 525 de
922 460 1346 544 Rammesey,
1407 460 1636 525 Adam
1713 456 2128 535 Nilkessone,
2189 456 2488 521 Thomas
2564 453 2818 538 Boyde,
2882 454 3210 520 Iohannes
3249 469 3566 523 Anu-16.

504 580 832 665 Styward,
884 579 1143 646 Alanus
1212 580 1541 665 Styward‚
1602 580 1825 645 David
1891 579 1976 644 de
2037 579 2103 643 la
2171 578 2390 661 Haye,
2431 576 2801 641 Edwardus
2861 576 2947 641 de
3006 576 3212 655 Keth,

506 703 832 767 Iohannes
876 702 961 767 de
1007 701 1351 781 Crauford,
1400 702 1728 767 Iohannes
1771 703 1856 766 de
1902 700 2328 783 Kyndeseye,
2362 698 2706 783 Philippus
2751 697 2837 762 de
2883 697 3215 775 Meldrun,

506 823 831 889 Henricus
865 823 951 888 de
982 824 1334 908 Ramesey,
1372 822 1760 889 Alexander
1802 822 2043 900 Morre,
2079 820 2478 885 Humfridus
2509 819 2594 884 de
2640 819 2841 902 Boys,
2875 818 3215 884 Gilbertus

504 944 1020 1028 Ynchemartyn,
1106 945 1441 1009 Robertus
1529 944 1899 1022 Maltalent,
1980 953 2047 1008 et
2129 963 2286 1006 suus
2369 960 2722 1025 germanus
2809 940 3214 1004 Humfridus

507 1065 982 1149 Kyrkepatrik,
1031 1066 1358 1131 Iohannes
1423 1065 1690 1150 Stragy,
1742 1076 1810 1130 et
1885 1065 2203 1130 Patricius
2264 1062 2578 1144 Heringe,
2631 1061 2893 1127 milites,
2987 1061 3213 1127 Preter

506 1187 629 1250 hos
692 1187 903 1251 eciam
973 1187 1039 1251 in
1095 1188 1450 1253 venacione
1518 1187 1916 1272 fugiencium
1985 1184 2232 1250 multos
2301 1182 2682 1249 occiderunt
2754 1182 3211 1265 insequentes;

508 1318 606 1372 set
675 1328 806 1372 non
874 1307 1158 1392 plurium
1224 1328 1427 1392 quarn
1502 1309 1763 1376 illorum
1825 1319 1984 1392 toge
2056 1307 2318 1371 fuerunt
2387 1305 2473 1368 de
2546 1324 2786 1388 campo
2861 1304 3210 1388 principali

509 1438 857 1513 reportate,
933 1440 1006 1494 ut
1082 1450 1357 1495 numero
1426 1439 1733 1515 togarum
1804 1449 2113 1494 numerus
2186 1437 2255 1492 et
2325 1424 2595 1491 nomina
2668 1425 3036 1491 occisorum
3113 1425 3212 1489 in·

509 1559 939 1615 notescerent.

684 1671 865 1736 Dum
911 1673 1032 1736 hec
1070 1671 1132 1736 in
1171 1672 1423 1757 Anglia
1466 1683 1797 1757 geruntur,
1829 1693 1949 1737 rex
1990 1669 2241 1756 Anglie
2286 1671 2523 1739 institit
2563 1668 2895 1736 obsidioni
2933 1668 3089 1734 ville
3130 1667 3216 1732 de
3255 1688 3491 1767 Progyeu
3509 1687 3573 1738 os

512 1790 772 1876 CaleyS,
801 1813 931 1876 que
971 1793 1036 1857 in
1079 1795 1358 1860 marisco
1404 1796 1702 1878 Dartoys
1744 1796 2008 1873 situata,
2037 1794 2306 1878 gemino
2344 1814 2533 1859 muro
2573 1791 3002 1877 dupplicique
3043 1788 3219 1855 fossa
3252 1755 3514 1873 ffieggffi}

510 1914 987 1992 circumcincta,
1051 1937 1248 1999 super
1312 1916 1467 1981 litus
1528 1917 1727 1981 maris
1788 1916 2059 2000 Anglici
2126 1916 2389 2001 respicit
2450 1936 2540 1980 ex
2609 1913 2923 1999 opposito
2982 1912 3216 1977 turrim

515 2035 824 2114 Dovorie,
853 2036 1102 2101 habens
1133 2048 1421 2122 portum,
1453 2039 1663 2103 minas
1688 2037 1874 2123 ponti
1905 2059 2024 2102 sua
2054 2057 2365 2122 spernens
2395 2035 2762 2113 securitate,
2793 2034 2904 2100 ubi
2941 2034 3218 2099 navibus
3319 2048 3359 2099 1.
3381 2049 3504 2099 124.

512 2157 744 2241 prebet
780 2157 1146 2243 hospicium
1179 2160 1338 2224 satis
1374 2180 1695 2225 securum.
1789 2159 1943 2226 Hoc
1984 2159 2262 2243 opidum
2300 2178 2450 2223 curn
2488 2179 2609 2223 suo
2654 2166 2871 2222 castro
2917 2155 3217 2220 munitis-

511 2278 685 2343 simo
728 2280 1067 2361 quondam
1115 2280 1574 2346 Romanorum
1620 2280 1926 2364 potencia
1970 2280 2236 2345 struxit.
2331 2279 2690 2363 Postquam
2724 2298 2963 2362 nempe
3009 2277 3218 2342 Iulius

514 2397 716 2465 Cesar
760 2410 973 2466 totam
1030 2399 1314 2467 Galliam
1367 2402 1761 2486 subiugavit,
1809 2399 2141 2467 Calesiam
2202 2402 2269 2465 in
2313 2398 2591 2466 Artosia
2639 2411 2705 2466 et
2772 2410 3059 2466 castrum
3133 2399 3219 2465 de

517 2521 916 2605 Chapstowe
959 2523 1023 2586 in
1052 2522 1432 2590 Venedocia
1482 2534 1684 2608 atque
1742 2524 1977 2589 turrim
2032 2523 2327 2588 Dovorie
2387 2523 2451 2586 in
2514 2521 2814 2606 Loegria,
2866 2521 3221 2605 subiugata

517 2643 873 2722 Britannia,
932 2643 1280 2712 edificavit.
1371 2648 1699 2711 Dominus
1766 2667 1885 2711 rex
1944 2667 2066 2710 suo
2131 2643 2451 2710 exercitui
2513 2643 2721 2709 fossas
2780 2643 3038 2728 amplas
3097 2643 3221 2708 cir-

514 2765 862 2830 cumduxit
900 2776 968 2831 et
1009 2766 1282 2832 classem
1315 2769 1535 2852 portui
1579 2767 1819 2833 Calesii
1866 2766 2156 2851 prefecit,
2194 2787 2276 2831 ne
2318 2765 2420 2830 vel
2469 2765 2532 2829 in
2577 2786 2733 2829 suos
2772 2764 3010 2831 Gallici
3058 2766 3221 2828 irru-

514 2897 695 2953 erent
761 2899 875 2951 aut
943 2887 1225 2953 obsessis
1280 2890 1592 2955 victualia
1652 2910 1767 2974 per
1839 2909 2020 2954 mare
2080 2887 2541 2953 ministrarent.
2632 2886 2889 2952 Tamen
2950 2907 3070 2951 rex
3133 2887 3219 2951 ad

517 3006 951 3073 obsidendum
982 3009 1207 3074 villam
1251 3030 1563 3094 magnum
1611 3011 1943 3094 navigium
1992 3010 2058 3075 in
2106 3009 2268 3075 mari
2307 3009 2588 3074 detinuit
2634 3029 2753 3075 nec
2795 3009 3026 3073 abesse
3071 3028 3219 3093 per·-

518 3130 711 3195 misit.
801 3129 1167 3195 Normanni
1235 3132 1446 3215 pirate
1506 3142 1818 3216 ceperunt
1884 3131 2244 3197 successive
2304 3152 2417 3195 xv.
2472 3152 2671 3196 naves
2736 3150 3010 3214 magnas
3068 3148 3218 3195 cum

517 3251 752 3333 parviS,
797 3271 1078 3334 quarum
1123 3251 1285 3317 alias
1330 3252 1752 3320 abduxerunt
1798 3254 1932 3318 suis
1978 3252 2223 3330 usibuS,
2268 3262 2516 3317 ceteras
2564 3251 2822 3335 ignibus
2867 3270 3220 3334 consump-

516 3382 757 3434 serunt.
850 3370 1300 3454 Capiebantur
1346 3375 1409 3438 in
1465 3375 1630 3439 mari
1683 3375 1992 3439 dominus
2048 3374 2445 3438 Edmundus
2494 3371 2744 3438 Haclut
2789 3382 2856 3437 et
2911 3371 3222 3437 dominus

518 3479 893 3557 Willelmus
963 3494 1049 3558 de
1108 3493 1415 3574 Bortone,
1483 3496 1741 3572 militeS‚
1805 3516 2030 3560 versus
2089 3492 2411 3578 Angliam
2482 3493 2876 3576 navigando.
2969 3492 3222 3575 Itaque,

517 3613 865 3677 obsidione
909 3613 1314 3692 confirmata,
1346 3636 1465 3680 rex
1513 3617 1789 3681 insultus
1826 3616 2035 3682 noluit
2085 3616 2333 3693 inferre,
2372 3615 2580 3681 sciens
2624 3635 2774 3680 cum
2821 3615 2973 3680 altis
3021 3616 3224 3679 muris

518 3744 584 3799 et
639 3734 828 3800 fossis
879 3756 1010 3799 non
1070 3738 1211 3800 sine
1262 3738 1553 3821 periculo
1611 3738 1947 3802 hominem
2004 3758 2199 3823 posse
2257 3738 2590 3802 dimicare.
2681 3735 2800 3801 Set
2852 3755 2971 3801 nec
3014 3737 3223 3800 voluit

518 3867 748 3922 contra
805 3857 1030 3921 villam
1086 3859 1422 3925 machinas
1467 3859 1732 3943 erigere,
1779 3870 1870 3937 ut,
1915 3859 2100 3925 sicud
2147 3858 2303 3924 alibi
2357 3857 2495 3922 fieri
2541 3857 2727 3934 solet,
2772 3858 2987 3923 officio
3033 3879 3222 3941 para-

521 3979 764 4042 riorum
798 3979 966 4042 muri
1007 3978 1462 4063 conquassati¹
1499 3991 1565 4045 et
1608 3981 1829 4045 obruti
1873 3981 2187 4045 meabiles
2235 3981 2697 4056 redderentur3
2742 3999 2980 4064 nempe
3018 3979 3224 4043 defuit

522 4100 1021 4165 fundamentum
1082 4102 1146 4165 in
1211 4121 1345 4185 quo
1412 4102 1748 4168 machinas
1819 4102 2226 4168 collocasset.
2338 4101 2656 4177 Preterea,
2724 4101 2925 4164 muris
2996 4121 3224 4166 eorum

1615 4239 1632 4272 ²
1670 4250 2064 4311 conquassata.
2102 4240 2170 4295 B.

1877 4358 1929 4408 N
