4154 4895
600 502 739 551 A».
757 500 912 551 ton.

658 594 855 608 —

604 728 905 844 23⁸⁹*

670 3014 709 3062 1.
734 3009 876 3064 110⁸.

954 288 1037 354 74
1836 275 2327 333 clmomcox
2369 275 2770 333 0212me

949 499 1069 545 rex
1114 477 1305 544 iuxta
1348 496 1541 543 suum
1587 475 1915 562 privatum
1960 476 2310 542 concilium
2358 495 2662 543 recusans
2711 474 3048 552 exaudire,
3076 484 3143 541 et
3189 474 3466 560 proinde
3509 495 3660 561 par·

950 599 1267 665 liamento
1302 617 1510 682 usque
1546 596 1630 662 ad
1671 595 1909 661 festum
1953 595 2382 661 Pentecosten
2421 595 2769 681 protelato,
2807 593 3091 660 finaliter
3122 593 3442 662 concessit
3477 596 3659 679 quod

950 720 1050 786 sui
1088 716 1476 805 principales
1510 716 1804 783 officiarii
1837 716 1902 780 in
1939 714 2377 801 parliamento
2419 715 2629 781 forent
2668 716 2880 792 iurati,
2915 716 3097 799 quod
3144 714 3210 780 in
3254 714 3389 780 suis
3433 715 3664 781 officiis

951 840 1218 907 cuilibet
1266 837 1591 904 iusticiam
1635 837 1996 913 exiberent,
2026 845 2113 911 et,
2143 836 2199 900 si
2244 856 2378 902 non
2419 835 2723 913 facerent,
2770 834 2834 900 in
2880 835 3179 919 quolibet
3226 835 3665 921 parliamento

952 960 1160 1026 tercio
1190 960 1300 1024 die
1330 969 1483 1042 post
1515 956 1907 1041 principium
1955 955 2373 1040 parliamenti
2417 976 2538 1021 sua
2582 955 2797 1022 officia
2841 955 3244 1040 resignarent
3285 965 3352 1022 et
3391 956 3666 1039 singulis

953 1082 1039 1146 de
1085 1080 1203 1145 ciis
1250 1076 1741 1163 querelantibus
1795 1078 2284 1162 responderent,
2328 1087 2529 1160 atque
2589 1076 2831 1142 iudicio
2875 1077 3154 1161 parium,
3196 1076 3252 1140 si
3310 1086 3666 1161 oporteret,

956 1201 1356 1286 punirentur.
1420 1197 1635 1282 Super
1661 1197 1788 1262 hiis
1817 1210 1883 1262 et
1921 1197 2068 1263 aliis
2090 1195 2335 1263 sactum
2369 1195 2489 1261 suit
2513 1205 2837 1262 statutum
2863 1196 3043 1281 regio
3072 1196 3292 1280 sigillo
3321 1198 3664 1280 consigna-

955 1330 1118 1395 tum,
1147 1330 1213 1382 et
1243 1328 1490 1381 extunc
1523 1314 1790 1399 prelatis
1819 1326 1887 1380 et
1917 1312 2063 1379 aliis
2095 1313 2517 1398 magnatibus
2551 1313 2836 1379 dabatur
2867 1313 3136 1380 licencia
3166 1314 3529 1379 recedendi.

1134 1436 1286 1501 Hoc
1316 1456 1508 1511 anno,
1537 1433 1711 1501 circa
1745 1434 2141 1519 principium
2176 1434 2418 1497 mensis
2459 1432 2628 1510 Iulii,
2660 1434 2905 1518 recepit
2942 1432 3251 1499 dominus
3288 1452 3405 1498 rex
3447 1434 3666 1497 literas

957 1556 1297 1623 Ludowici
1334 1554 1522 1620 ducis
1567 1552 1844 1620 Bavarie
1885 1566 1953 1619 et
2000 1554 2406 1639 usurpatoris
2453 1553 2706 1638 imperii
2757 1553 3253 1629 Romanorum3
3315 1552 3380 1617 in
3425 1554 3667 1637 quibus

959 1677 1250 1763 prefatus
1296 1675 1709 1751 Ludowicus,
1757 1676 2178 1760 pretendens·
2213 1674 2584 1741 amiciciam
2647 1675 2816 1740 inter
2879 1674 3094 1759 ipsum
3154 1686 3220 1738 et
3283 1672 3666 1759 Philippum

960 1819 1179 1882 regem
1242 1796 1517 1862 Francie
1573 1816 1782 1880 nuper
1844 1796 2094 1871 initam,
2152 1794 2326 1860 dixit
2387 1794 2512 1859 sibi
2572 1794 2918 1879 displicere
2974 1814 3278 1878 guerram
3341 1792 3666 1859 Gallicam

958 1939 1075 2005 per
1112 1938 1333 2001 regem
1370 1915 1619 2000 Anglie
1660 1915 2009 1991 incoatam,
2038 1926 2105 1980 et
2140 1915 2395 1981 monuit
2436 1916 2854 1981 concordiam
2905 1914 3070 1979 inter
3111 1934 3295 1997 reges
3329 1926 3395 1978 et
3435 1932 3667 1998 pacem

959 2038 1426 2111 reformandas,
1471 2038 1557 2101 ad
1604 2056 1806 2119 quam
1854 2058 1924 2100 se
1979 2036 2194 2121 ipsum
2241 2034 2485 2121 optulit
2529 2048 2595 2100 et
2657 2037 2743 2100 ad
2805 2034 2927 2100 hec
2972 2036 3275 2120 promisit
3320 2055 3392 2099 se
3439 2035 3666 2099 libenti

958 2160 1182 2225 animo
1219 2155 1383 2222 velle
1427 2176 1659 2222 vacare
1702 2167 1767 2221 et
1818 2157 2198 2240 impendere
2256 2155 2580 2221 honerosa
2640 2155 3103 2241 prosecutione
3149 2155 3424 2229 labores,
3467 2168 3534 2219 et
3579 2154 3666 2220 ad

964 2279 1087 2345 hec
1130 2278 1419 2343 securius
1462 2277 1762 2343 facienda
1808 2278 2004 2362 peciit
2040 2298 2082 2343 a
2120 2297 2307 2360 rege:
2352 2275 2684 2353 ‘Placeat,’
2731 2278 3047 2362 inquiens,
3092 2277 3254 2342 ‘tibi
3299 2277 3492 2342 nobis
3537 2278 3670 2341 tuis

961 2400 1166 2466 literis
1222 2399 1382 2465 dare
1446 2408 1844 2483 potestatem
1907 2397 2293 2484 premissam
2359 2398 2688 2464 tractandi
2755 2398 3198 2476 concordiam,
3256 2410 3522 2482 treugas
3577 2398 3668 2463 ad

960 2541 1205 2586 annum
1243 2519 1343 2584 vel
1382 2519 1715 2584 biennium
1754 2515 2185 2596 ordinandi’3
2253 2518 2414 2584 infra
2448 2540 2714 2604 quoque
2758 2540 2828 2584 se
2871 2539 3198 2585 excusans
3241 2521 3325 2584 de
3368 2519 3670 2584 amicicia

965 2642 1132 2705 inter
1173 2641 1389 2725 ipsum
1438 2651 1503 2705 et
1544 2661 1763 2724 regem
1811 2639 2088 2706 Francie
2135 2639 2536 2725 Philippum,
2575 2652 2646 2705 ut
2683 2642 2937 2707 dictum
2983 2655 3102 2716 est,
3140 2640 3424 2716 iniciata,
3465 2659 3668 2724 quam

962 2762 1139 2827 dixit
1185 2781 1335 2827 cum
1381 2761 1628 2826 honore
1666 2783 1789 2826 suo
1833 2782 1904 2825 se
1949 2781 2143 2846 posse
2185 2773 2579 2846 acceptasse,
2623 2782 2712 2826 ex
2771 2782 2907 2847 quo
2966 2783 3086 2826 rex
3131 2761 3378 2846 Anglie
3419 2761 3674 2845 absque

963 2883 1130 2947 scitu
1162 2903 1282 2946 suo
1326 2902 1478 2947 cum
1526 2903 1677 2966 rege
1724 2881 2034 2967 Philippo
2079 2894 2342 2966 treugas
2377 2893 2443 2947 et
2495 2895 2708 2948 certos
2761 2883 3075 2948 terminos
3119 2884 3203 2948 ad
3251 2883 3668 2948 tractandum

963 3004 1049 3068 de
1107 3002 1459 3068 concordia
1517 3003 1847 3088 suscepit3
1910 3017 2260 3087 propterea
2305 3003 2599 3087 predicta
2644 3003 2944 3069 amicicia
2988 3023 3117 3068 non
3162 3003 3402 3068 debere
3449 3022 3668 3085 regem

966 3123 1215 3208 Anglie
1260 3123 1507 3187 moveri
1539 3119 1598 3202 ¹3
1655 3134 1721 3188 et
1766 3144 1989 3188 versus
2036 3122 2232 3188 finem
2278 3123 2660 3189 subiunxit:
2721 3123 3144 3190 ‘vicariatum
3204 3123 3326 3188 tibi
3389 3143 3505 3207 per
3549 3143 3670 3188 nos

968 3365 1148 3448 regni
1179 3363 1386 3430 nostri
1423 3384 1597 3428 anno
1636 3363 1845 3448 xxvij.
1875 3377 1941 3429 et
1982 3364 2238 3449 imperii
2272 3361 2457 3447 xiiij!

1141 3483 1257 3550 Ad
1319 3481 1640 3550 vocatos*
1698 3485 1919 3569 apices
1988 3485 2360 3568 imperiales
2421 3485 2749 3570 rescripsit
2812 3504 2929 3550 rex
2993 3485 3124 3550 ita:
3199 3482 3672 3549 ‘serenissimo

968 3603 1266 3690 principi,
1299 3606 1575 3671 domino
1621 3604 2001 3682 Ludowico,
2050 3605 2176 3670 Dei
2222 3608 2441 3690 gracia
2493 3607 2942 3672 Romanorum
2991 3605 3368 3691 imperatori
3413 3625 3672 3690 semper

967 3739 1269 3810 augusto,
1332 3725 1717 3804 Edwardus,
1775 3729 2006 3793 eadem
2068 3729 2290 3812 gracia
2338 3747 2454 3793 rex
2505 3727 2777 3793 Francie
2821 3741 2885 3793 et
2933 3726 3182 3811 Anglie
3237 3740 3304 3791 et
3361 3727 3674 3792 dominus

974 3843 1497 3912 Hibernie'—

1142 3967 1346 4034 Anno
1392 3968 1665 4035 Domini
1714 3968 2116 4051 u.CCC.xlij.,
2157 3971 2336 4052 regni
2385 3969 2483 4034 sui
2532 3968 2780 4054 Anglie
2825 3967 2960 4052 xvj.
3009 3967 3412 4052 Francieque
3447 3967 3674 4044 testie,

970 4109 1087 4152 rex
1134 4090 1319 4156 dedit
1365 4091 1757 4156 comitatum
1806 4087 2241 4174 Cantbriggic
2294 4091 2570 4156 domino
2626 4089 2903 4155 Iohanni
2964 4089 3050 4155 de
3101 4088 3384 4166 Henald,
3433 4101 3676 4174 patruo

1628 4227 1642 4258 ⁸
1683 4243 1923 4284 movere.
1967 4228 2026 4281 B.
2597 4225 2617 4258 ²
2653 4237 2897 4282 vocatan-
2939 4227 3000 4282 Β.
