4154 4895
1200 292 1313 348 LE
1353 291 1648 348 BAKER
1691 289 1812 347 DE
1852 288 2479 346 SWYNEBROKE.
3068 279 3182 344 161

658 491 1083 575 cccxxxvii.
1170 490 1292 556 Ab
1330 490 1518 557 obitu
1559 490 1871 565 eiusdem,
1905 510 2056 555 cum
2103 488 2380 553 sedisset
2425 486 2827 570 xxij.'annis‚
2864 484 3194 552 Constan-

481 615 692 680 tinum
724 613 1111 698 Augustum
1144 635 1184 679 a
1213 612 1398 697 lepra
1428 622 1742 686 sanasset,
1772 621 2037 675 taurum
2067 611 2350 675 ferocem
2383 632 2424 675 a
2457 618 2672 673 morte
2703 607 3169 674 resuscitasset.

2954 740 3107 795 M.x.

657 856 961 922 ccc.lxx.
1082 854 1327 920 Beatus
1372 850 1748 918 Damasus¹
1797 853 2017 918 Rome
2069 850 2521 936 apostolatum
2582 851 2856 936 accepit,
2902 851 3016 936 qui
3068 851 3195 915 hos

481 978 654 1043 duos
681 998 943 1042 versos:
980 980 996 1009 ‘
1019 974 1245 1041 Gloria
1275 975 1447 1059 patri
1469 971 1485 999 '
1517 985 1585 1039 et
1626 983 1641 1011 ‘
1664 973 1848 1040 Sicut
1878 972 2059 1050 erat,’
2094 996 2137 1038 a
2178 975 2380 1039 beato
2420 973 2749 1038 Ieronimo
2794 972 3194 1056 conpositOS,

484 1099 553 1165 in
612 1098 892 1166 ecclesia
948 1107 1108 1180 post
1165 1097 1460 1180 psalmos
1519 1097 1888 1161 cantandos
1947 1095 2201 1160 statuit.
2314 1094 2536 1159 Huius
2593 1104 2898 1178 tempore
2956 1095 3194 1159 beatus

483 1220 887 1285 Ambrosius
934 1217 1295 1283 Mediolani
1340 1217 1693 1300 episcopus
1742 1225 2178 1293 consecratur,
2228 1217 2342 1300 qui
2403 1216 2601 1281 ritum
2660 1215 2973 1280 cantandi
3023 1217 3196 1280 anti-

483 1341 742 1426 phonas
812 1340 878 1403 in
951 1339 1227 1405 ecclesia
1283 1339 1648 1404 constituit.
1759 1336 2015 1404 Claruit
2075 1338 2285 1402 eciam
2345 1336 2540 1401 huius
2599 1347 2902 1419 tempore
2959 1314 3196 1401 beatus

489 1461 816 1527 Martinus
848 1460 1246 1525 Turonensis
1276 1460 1645 1544 episcopm,
1676 1469 1943 1525 sanctus
1986 1458 2372 1532 IeronimuS,
2405 1466 2474 1521 et
2507 1456 2864 1541 Gregorius
2904 1458 3196 1523 Nazian-

486 1579 745 1647 zenus².
2463 1588 2472 1596 ⁴
2614 1576 3106 1661 DCCCC.lxxvij.

657 1700 1116 1784 ccc.iiij¹¹viij.
1202 1698 1322 1765 Ab
1391 1700 1582 1766 obitu
1657 1700 1957 1766 eiusdem
2032 1700 2331 1776 Damasi,
2390 1720 2542 1765 cum
2617 1698 2895 1766 sedisset
2972 1700 3198 1767 Rome

486 1824 716 1889 decem
748 1832 817 1888 et
846 1831 1000 1887 octo
1031 1822 1242 1898 annis,
1272 1822 1536 1887 duobus
1568 1823 1928 1897 mensibuS,
1965 1832 2034 1887 ct
2064 1821 2300 1904 viginti
2333 1841 2466 1886 uno
2496 1821 2754 1886 diebus.
2815 1820 3194 1887 DCCCC.lix.

657 1941 1035 2025 cccxcviii.
1082 1943 1333 2008 Beatus
1355 1942 1800 2026 Augustinus,
1834 1964 2117 2027 magnus
2148 1942 2400 2021 doctor,
2423 1942 2799 2025 Yponensis
2823 1943 3194 2026 episcopus,

486 2065 555 2129 in
607 2064 758 2141 fide,
803 2063 1085 2129 sciencia
1130 2075 1198 2130 et
1241 2064 1541 2129 doctrina
1592 2086 1711 2148 pre
1761 2065 2069 2129 omnibus
2121 2073 2274 2146 post
2333 2062 2672 2146 apostolos
2725 2063 2968 2128 floruit.
3059 2063 3195 2147 Qui

483 2184 906 2270 Augustinus
948 2184 1248 2249 ordinem
1292 2186 1628 2270 nigrorum
1682 2185 2164 2260 canonicorum,
2212 2184 2425 2249 sactus
2469 2184 2838 2259 canonicus,
2885 2185 3195 2250 instituit.

488 2306 749 2371 Eodem
780 2315 1083 2388 tempore
1113 2305 1446 2371 Iohannes
1481 2304 1976 2371 Chrisostomus
2007 2306 2259 2372 claruit.
2683 2306 3107 2371 Decccxlix.

658 2441 982 2493 ccccxx.
1069 2427 1187 2493 Ab
1219 2428 1406 2494 obitu
1451 2428 1632 2495 beati
1677 2428 1992 2493 Ieronimi
2037 2426 2403 2511 presbiteri,
2450 2447 2603 2492 cum
2649 2436 2825 2493 esset
2867 2449 3194 2493 annorum

489 2546 658 2631 xcj.;
711 2557 779 2613 et
809 2548 989 2633 apud
1022 2548 1345 2614 Bedlecm
1380 2549 1715 2615 Palestine
1747 2549 2084 2632 sepelitur.
2640 2550 3108 2633 Decccxxvij.

658 2668 1084 2751 CCCC.xxxij.
1153 2671 1338 2753 Papa
1371 2669 1748 2736 Celestinus
1778 2672 2032 2755 primus
2066 2672 2244 2735 misit
2273 2670 2545 2735 beatum
2579 2671 2953 2747 Patricium,
2984 2672 3193 2736 filium

490 2790 815 2865 Conches,
860 2791 1102 2855 sororis
1144 2790 1357 2856 sancti
1406 2792 1694 2866 Martini,
1728 2792 1792 2855 in
1842 2791 2260 2866 Hiberniam,
2299 2791 2412 2874 qui
2460 2793 2786 2858 convertit
2831 2813 3063 2858 omnes
3107 2792 3194 2857 ad

492 2910 717 2976 fidem.
1118 2963 1123 2972 .
2741 2928 3110 2979 neccoxv.

661 3026 1106 3110 CCCC.xxxiij.
1185 3027 1303 3092 Ab
1335 3029 1524 3094 obitu
1555 3030 1734 3095 beati
1774 3028 2161 3113 Augustini,
2192 3049 2343 3094 cum
2381 3029 2661 3095 sedisset
2702 3030 2767 3093 in
2808 3032 3195 3115 episcopatu

488 3148 832 3231 Yponensi
902 3150 1100 3212 xxix.
1160 3151 1370 3227 annis,
1432 3151 1612 3215 mille
1671 3159 1740 3216 et
1798 3173 1973 3215 xxx.
2033 3149 2379 3215 volumina
2438 3151 2937 3235 composuisset.
3028 3151 3197 3236 Sep-

487 3269 860 3353 tuagesimo
889 3279 1086 3335 sexto
1132 3272 1328 3336 etatis
1372 3292 1491 3336 sue
1534 3292 1710 3337 anno
1757 3272 2067 3355 migravit
2113 3272 2199 3336 ad
2246 3271 2638 3336 Dominum.
2729 3270 2993 3337 Eodem
3023 3282 3194 3338 tem·

488 3411 651 3475 pore
679 3390 788 3473 vij.
819 3390 1244 3476 dormienteS,
1274 3394 1389 3476 qui
1421 3408 1532 3459 CC.
1563 3393 1754 3458 annis
1784 3394 2213 3471 dormierant,
2243 3403 2691 3458 surrexerunt.
2774 3393 3194 3478 Dcccc.xiiij.

662 3511 1052 3594 cccc.xliiij.
1178 3512 1321 3577 Leo
1380 3515 1633 3598 primus
1701 3512 2156 3598 apostolatum
2216 3515 2525 3598 suscepit.
2649 3513 2784 3579 Hic
2855 3517 3191 3598 propriam

489 3652 761 3698 manum
795 3653 1003 3712 suam,
1045 3655 1166 3718 pro
1197 3637 1486 3718 quadam
1534 3637 1984 3720 temptacione
2024 3645 2350 3720 concepta
2392 3657 2481 3700 ex
2523 3635 2937 3701 osculacione
2976 3638 3192 3702 cuius-

489 3755 647 3819 dam
692 3753 980 3819 mulieris
1023 3755 1134 3819 die
1181 3756 1432 3821 Pasche
1476 3739 2051 3835 communicantiS,
2093 3756 2264 3821 clam
2310 3757 2699 3840 amputavit,
2745 3778 2947 3841 quarn
2993 3760 3195 3824 beata

489 3876 701 3958 Virgo
730 3875 856 3939 sibi
887 3877 974 3939 de
1005 3876 1183 3940 sacto
1213 3878 1538 3960 penitenti
1573 3879 1963 3944 miraculose
1996 3878 2300 3943 restituit.
2758 3878 3102 3962 DCCCC.iij.

664 3993 1057 4076 cccclxiiiJ.
1128 3995 1249 4061 Ab
1278 3998 1465 4064 obitu
1499 3999 1814 4075 eiusdem,
1844 4019 1995 4064 cum
2028 3999 2309 4064 sedisset
2333 4019 2453 4064 xx.
2484 3999 2693 4080 annis,
2717 3998 2953 4065 diebus
2976 4001 3190 4084 xxvij.

492 4117 757 4183 Eodem
788 4126 1010 4182 autem
1041 4128 1346 4203 tempore
1377 4120 1744 4186 Priscianus
1774 4122 2175 4205 gramaticus
2206 4119 2447 4185 floruit.
2625 4121 3101 4206 DCCC.lxxxiij.

963 4252 983 4288 ¹
1022 4254 1347 4313 Damasius.
1384 4258 1453 4313 Β.
2015 4256 2038 4289 ²
2075 4259 2453 4313 Nazanrenus.
2489 4259 2555 4313 B.

1811 4378 1859 4427 Y

3294 618 3335 669 f.
3359 620 3475 668 131.
