4154 4895
956 258 1041 321 68
1843 266 2335 324 CHRONICON
2376 265 2786 323 GALFRJDJ

599 482 920 533 amam.
957 465 1262 531 carcerali
1297 475 1660 531 maceratos
1691 465 2115 530 interfecisset
2149 466 2449 550 turpiter,
2479 464 2602 530 nisi
2633 463 2838 530 fretus
2873 464 3152 531 concilio
3192 463 3365 550 regis
3395 462 3670 531 Boemie

960 608 999 652 a
1030 599 1299 653 cruenta
1330 587 1600 651 libidine
1629 586 2070 652 abstinuisset.

610 726 823 777 Edvud
1135 708 1340 773 Anno
1385 707 1651 773 Domini
1702 706 2053 785 M.CCC.xl.,
2085 707 2266 791 regni
2311 707 2409 771 sui
2448 705 2696 790 Anglie
2738 706 2924 789 xiiij..
2954 707 3261 773 dominus
3297 726 3416 772 rex
3459 705 3670 772 tenuit

606 792 861 907 i‘tffiw.
962 828 1197 893 festum
1254 828 1679 893 Pentecosten
1725 830 1904 911 apud
1961 826 2471 911 Gippeswicum,
2513 848 2714 911 supra
2765 848 2958 892 suum
3021 827 3396 912 passagium
3447 847 3670 891 versus

606 924 839 1054 ‘1⁵2wa
962 948 1362 1025 Flandriam‚
1428 949 1771 1015 intendens
1840 949 2220 1014 transivisse
2283 968 2437 1015 cum
2497 948 2784 1034 simplici
2844 950 3187 1025 comitatu,
3251 960 3373 1024 set,
3437 949 3672 1013 audito

961 1090 1221 1135 rumore
1249 1070 1429 1153 quod
1468 1069 1763 1134 tirannus
1800 1069 2202 1135 Francorum
2242 1070 2422 1134 misit
2461 1088 2773 1153 magnam
2801 1068 3078 1135 classem
3110 1069 3374 1134 navium
3410 1067 3673 1152 Ispanie

958 1203 1025 1257 et
1084 1190 1271 1274 quasi
1324 1200 1541 1255 totum
1587 1190 1923 1273 navigium
1969 1190 2152 1273 regni
2199 1190 2601 1256 Francorum
2647 1191 2733 1255 ad
2783 1189 3274 1275 impediendum
3320 1190 3671 1255 transitum

960 1331 1170 1390 suum,
1200 1321 1562 1376 convocato
1596 1331 1718 1375 suo
1753 1310 2018 1393 navigio
2061 1312 2148 1376 de
2192 1308 2503 1395 Quinque
2550 1310 2878 1376 Portubus
2920 1322 2986 1375 et
3031 1310 3316 1388 aliunde,
3351 1311 3446 1375 ita
3488 1310 3672 1393 quod

961 1431 1192 1497 habuit
1228 1433 1543 1497 ducentas
1581 1432 1932 1515 sexaginta
1972 1452 2169 1497 naves
2207 1451 2481 1515 magnas
2521 1442 2588 1496 et
2629 1436 2882 1515 parvas}
2921 1432 3121 1515 igitur
3155 1432 3265 1496 die
3307 1430 3481 1497 Iovis
3519 1443 3674 1495 ante

618 1552 699 1603 He
715 1554 835 1603 *⁸5¹⁸
849 1554 924 1605 sor
964 1550 1198 1617 festum
1234 1552 1618 1617 Nativitatis
1647 1551 1855 1618 sancti
1891 1550 2205 1617 Iohannis
2239 1551 2558 1636 Baptiste‚
2589 1562 2789 1617 vento
2820 1571 3137 1636 prospero
3173 1549 3393 1628 flante,
3427 1550 3670 1633 incepit

615 1696 675 1732 ιι
700 1683 843 1749 μοι
960 1671 1230 1737 feliciter
1274 1672 1601 1755 navigare,
1636 1683 1703 1737 et
1749 1672 1858 1738 die
1893 1672 2169 1737 Veneris
2213 1683 2526 1756 sequente
2573 1671 2638 1735 in
2673 1670 2902 1755 vigilia
2947 1672 3240 1757 predicte
3281 1669 3676 1736 Nativitatis

960 1793 1126 1858 vidit
1162 1791 1435 1859 classem
1457 1790 1478 1830 ¹
1516 1793 1919 1859 Francorum
1951 1792 2015 1857 in
2048 1805 2242 1877 portu
2280 1794 2365 1858 de
2400 1791 2464 1857 la
2502 1790 2745 1876 Swyne
2780 1792 2990 1878 prelio
3035 1804 3338 1877 paratam
3372 1804 3438 1857 et
3475 1791 3668 1875 quasi

962 1926 1324 1979 castrorum
1385 1914 1557 1979 acies
1609 1914 2024 1991 ordinatam3
2093 1915 2286 1989 unde,
2330 1914 2397 1978 in
2453 1913 2618 1978 mari
2670 1933 3008 1992 ancoram,
3057 1935 3174 1998 per
3227 1924 3440 1978 totam
3491 1912 3672 1977 illam

621 2036 778 2113 natue
800 2036 859 2086 0¹
963 2035 1141 2100 diem
1182 2033 1565 2099 deliberavit
1613 2035 1775 2118 quid
1821 2048 1990 2100 esset
2035 2034 2405 2100 consulcius
2451 2033 2839 2100 faciendum.
2932 2035 3009 2099 In
3056 2034 3223 2101 soeto
3265 2056 3423 2100 vero
3465 2034 3674 2099 sancti

615 2103 703 2231 {a
731 2182 837 2217 nne.
966 2154 1279 2221 Iohannis
1308 2154 1499 2220 valde
1531 2175 1722 2219 mane
1761 2156 1984 2221 classis
2023 2155 2428 2221 Francorum
2465 2176 2537 2221 se
2571 2156 2869 2221 dividens
2910 2156 2976 2221 in
3007 2168 3140 2221 σω
3175 2168 3428 2221 turmas
3468 2156 3674 2219 movit

962 2297 1033 2341 se
1064 2297 1182 2361 per
1207 2276 1504 2360 spacium
1538 2276 1728 2341 unius
1760 2275 2031 2341 miliaris
2066 2297 2290 2341 versus
2319 2273 2640 2343 classem¹
2678 2278 2889 2361 regis3
2933 2278 3113 2361 quod
3152 2277 3512 2361 percipiens
3555 2296 3672 2339 rex

962 2396 1211 2481 Anglie
1238 2397 1415 2462 dixit
1452 2417 1582 2463 non
1612 2418 1755 2463 esse
1785 2397 2054 2464 ulterius
2084 2400 2595 2484 expectandum,
2625 2419 2696 2464 se
2729 2409 2796 2464 et
2833 2398 2967 2463 suis
3006 2400 3091 2465 ad
3129 2419 3315 2465 arma
3353 2398 3674 2463 currenti·

962 2518 1088 2582 bus
1117 2528 1183 2583 et
1213 2517 1350 2584 cito
1378 2519 1648 2602 paratis.
1739 2519 1895 2584 Post
1926 2520 2158 2586 horam
2189 2540 2452 2596 nonam,
2481 2521 2752 2603 quando
2787 2519 3020 2584 habuit
3051 2531 3320 2584 ventum
3356 2533 3422 2584 et
3465 2519 3675 2582 solem

964 2658 1005 2702 a
1040 2649 1228 2721 tergo
1267 2650 1332 2702 ct
1373 2639 1693 2723 impetum
1732 2638 2013 2704 fluminis
2049 2659 2292 2718 secum,
2321 2641 2529 2706 divise
2574 2640 2639 2705 in
2676 2651 2808 2706 tres
2844 2651 3113 2716 turmas,
3143 2640 3443 2704 hostibus
3486 2640 3674 2704 dedit

964 2770 1271 2842 optatum
1315 2758 1648 2824 insultum.
1740 2760 2068 2827 Horridus
2104 2761 2356 2827 clamor
2398 2762 2485 2826 ad
2531 2761 2758 2826 ethera
2801 2761 3182 2827 conscendit
3227 2781 3423 2845 super
3466 2779 3674 2842 equos

964 2878 1239 2963 ligneos,
1271 2880 1457 2945 iuxta
1496 2880 1759 2945 Merlini
1802 2882 2269 2967 propheciam;
2315 2882 2556 2947 ferreus
2593 2882 2802 2946 imber
2831 2880 3274 2966 quarellorum
3306 2882 3391 2946 de
3421 2879 3678 2945 balistis

967 3011 1167 3084 atque
1218 3001 1609 3085 sagittarum
1663 3004 1748 3068 de
1799 3004 2081 3068 arcubus
2133 3003 2199 3068 in
2250 3023 2477 3069 necem
2532 3002 2716 3068 milia
2768 3002 2998 3087 populi
3047 3001 3382 3080 detraxit;
3447 3000 3680 3076 hastis,

966 3122 1301 3187 securibus
1342 3133 1411 3187 et
1454 3122 1695 3206 gladiis
1739 3124 2123 3208 pugnabant
2158 3124 2475 3202 cominus,
2504 3124 2618 3207 qui
2657 3122 2998 3190 voluerunt
3041 3134 3158 3188 aut
3194 3122 3450 3187 sumint
3491 3121 3678 3196 ιιι-εἰς

968 3242 1224 3329 lapides
1266 3264 1308 3309 a
1347 3245 1635 3309 turribus
1680 3244 2005 3310 malorum
2050 3245 2326 3331 proiecti
2382 3245 2627 3311 multos
2682 3245 3228 3322 excerebrat-unu
3292 3243 3356 3308 in
3414 3263 3678 3308 summa

968 3364 1406 3430 committitur
1434 3365 1575 3430 sine
1612 3365 1853 3432 ficticio
1884 3367 2111 3450 ingens
2145 3378 2211 3431 et
2242 3365 2532 3432 terribile
2559 3379 2625 3432 et
2657 3365 2889 3432 navale
2929 3363 3194 3442 bellum,
3223 3362 3420 3448 quale
3449 3384 3678 3429 vecors

626 3493 803 3544 θείω
826 3491 883 3542 oc
968 3485 1211 3550 vidisse
1241 3507 1282 3552 a
1313 3486 1507 3570 longe
1537 3507 1667 3553 non
1707 3486 1929 3553 suisset
1963 3509 2180 3553 ausus.
2271 3486 2671 3572 Magnitudo
2692 3487 2958 3553 navium
2991 3485 3368 3572 Spannieet
3388 3485 3678 3550 altitudo

620 3556 931 3673 mand
974 3607 1219 3672 multos
1278 3608 1558 3673 cassavit
1618 3607 1786 3674 ictus
1848 3607 2329 3692 Anglicorum3
2403 3620 2504 3675 set
2566 3608 2865 3684 finaliter,
2927 3606 3200 3674 Gallicis
3269 3607 3546 3672 do'ictis
3609 3621 3676 3670 et

620 3689 825 3805 ἓξὲξ
852 3687 937 3740 ‘¹²‘
971 3741 1287 3795 evacuata
1325 3729 1537 3813 prima
1581 3730 1847 3795 navium
1892 3730 2182 3808 cohorte,
2225 3731 2545 3796 saiserunt
2592 3728 2860 3814 Anglici
2909 3729 3109 3794 illam.
3199 3728 3423 3794 Nau-es
3467 3725 3679 3792 Galli·

620 3819 749 3871 Μ
969 3871 1197 3916 corum
1247 3850 1504 3916 suerunt
1553 3864 1996 3928 concatenate,
2046 3852 2138 3917 ita
2183 3854 2363 3936 quod
2412 3872 2543 3917 non
2593 3862 2900 3936 poterant
2949 3849 3171 3915 divelli
3219 3849 3309 3915 ab
3357 3849 3678 3924 invicemz

972 3972 1163 4048 unde,
1223 3972 1448 4056 paucis
1508 3971 1811 4056 Anglicis
1871 3993 2068 4037 unam
2137 3985 2393 4057 partem
2459 3973 2703 4038 coortis
2761 3984 3076 4038 evacuate
3134 3970 3680 4044 custodientibus„

966 4105 1183 4156 cetere
1234 4112 1435 4158 naves
1485 4095 1571 4159 ad
1625 4095 1982 4160 secundam
2028 4107 2320 4160 coortem
2371 4115 2602 4161 manus
2645 4093 3047 4170 direxerunt,
3089 4091 3193 4159 α’
3234 4111 3386 4159 cum
3433 4110 3678 4174 magna

1701 4210 1718 4245 ¹
1757 4213 2005 4269 classica.
2046 4214 2110 4268 B.
2677 4211 2698 4246 ⁸
2733 4229 2840 4266 on.
2879 4213 2943 4268 Β.
