4154 4895
917 246 1036 311 182

1638 251 1919 309 NOTES
1963 252 2151 307 ΛΝΒ
2194 253 2885 313 ILLL’STRATIONS.

1047 416 1280 485 bearing
1304 416 1434 472 date
1461 416 1556 471 the
1589 415 1714 471 1801
1739 416 1884 485 Jan.,
1917 417 2393 484 unz—Faciem,
2413 416 2467 471 ii.
2500 431 2596 487 153
2624 435 2640 483 ς
2676 417 2895 473 Annal.
2914 419 3183 483 Laneion„
3204 434 3326 489 203.
3399 422 3493 477 On
3522 420 3619 475 ὼε

1047 505 1333 576 approach
1359 505 1423 559 os
1441 504 1538 559 the
1561 504 1915 559 consedente
1943 503 2093 558 lords
2120 504 2189 559 he
2216 504 2323 559 ssed
2350 505 2491 559 from
2512 506 2829 560 Newcastle
2853 507 2966 561 and
2995 506 3129 561 took
3156 508 3343 577 refuge
3371 508 3427 563 in
3456 512 3615 563 Scar-

1046 593 1297 663 borough
1328 595 1480 662 early
1507 592 1561 646 in
1603 593 1775 660 May3
1812 608 1926 646 was
1960 591 2245 660 besieged,
2270 593 2383 648 and
2425 593 2812 663 surrendered,
2842 594 2969 661 t9th
3008 596 3162 665 May,
3188 606 3249 650 to
3284 596 3380 651 the
3414 598 3529 652 ear!
3560 596 3627 650 of

1051 679 1673 736 Pembmke—Annal.
1700 680 1966 743 London„
1993 693 2115 745 204.

1117 769 1244 823 The
1303 767 1584 823 chronicle
1634 766 1700 822 ot*
1753 769 2070 833 Lanercost‚
2131 779 2251 832 217,
2300 766 2547 823 ascribes
2609 768 2696 824 his
2758 769 3153 825 unsavourable
3216 769 3499 841 reception
3560 770 3617 825 in

1049 856 1093 911 1³
1099 856 1325 911 landers
1351 866 1410 910 to
1435 857 1531 911 tbe
1557 854 1828 910 influente
1854 855 1918 909 os
1948 856 2043 910 the
2070 854 2207 923 king
2232 856 2293 909 of
2316 857 2565 911 france:
2607 858 2621 884 ⁸
2644 856 2777 923 Sed,
2802 856 2934 928 quia
2974 857 3160 911 minus
3195 858 3338 913 bene
3374 870 3495 913 erat
3530 876 3615 912 re·

1046 956 1240 1014 ceptus
1268 943 1324 999 in
1355 943 1636 1007 flandria,
1663 942 1756 997 ubi
1783 944 2145 1013 applicuerat,
2175 942 2257 1003 (id
2282 956 2485 1013 agente
2511 960 2639 1011 rege
2670 945 2940 1007 Franciae,
2966 944 3057 1015 qui
3084 962 3215 999 eum
3244 944 3405 999 valde
3430 946 3615 1001 detes-

1045 1032 1284 1098 tabatur,
1309 1032 1456 1101 quia,
1482 1042 1540 1086 ut
1564 1031 1870 1095 dicebatur,
1897 1047 1991 1085 rex
2017 1030 2256 1099 Angliae,
2280 1030 2373 1101 qui
2401 1031 2631 1086 duxerat
2662 1032 2831 1085 tiliam
2858 1034 2979 1102 ejus
3007 1049 3252 1095 uxorem,
3280 1034 3463 1087 minus
3486 1050 3615 1087 eam

1043 1119 1231 1175 dilexit
1259 1131 1485 1190 propter
1513 1119 1734 1174 Petrum
1761 1117 2137 1188 prm-dictum.)
2167 1117 2295 1173 ideo
2330 1119 2509 1181 rediit,
2534 1119 2610 1174 ad
2646 1118 3005 1174 infortunium
3041 1137 3220 1183 suum,
3249 1120 3303 1174 in
3332 1120 3616 1189 Angliam,

1044 1203 1144 1257 sed
1171 1203 1225 1258 in
1251 1204 1488 1264 occulto.
1516 1214 1739 1273 propter
1773 1214 1984 1257 metum
2021 1202 2291 1256 comitum
2314 1215 2372 1257 et
2398 1203 2710 1267 baronum;
2747 1212 2804 1257 et
2836 1220 2929 1257 rex
2964 1220 3093 1259 eum
3134 1203 3339 1272 recepit
3367 1216 3421 1257 et
3456 1204 3615 1257 duxit

1042 1308 1232 1345 secum
1263 1308 1436 1361 usque
1465 1290 1800 1355 Eboracum,
1826 1301 1880 1344 et
1909 1289 1982 1342 ibi
2022 1289 2304 1344 civitatem
2329 1300 2385 1346 et
2414 1289 2651 1360 patriam
2680 1303 3052 1353 vastaverunt,
3079 1290 3212 1361 quia
3248 1307 3361 1345 non
3402 1291 3609 1345 habue-

1043 1390 1169 1433 runt
1194 1378 1328 1449 quid
1356 1379 1634 1432 solverent
1661 1393 1764 1447 pro
1788 1378 2084 1447 expensis!

1110 1467 1236 1521 The
1261 1478 1413 1535 story
1439 1466 1503 1520 os
1534 1466 1621 1520 his
1658 1464 1954 1520 surrender
1984 1464 2097 1519 and
2138 1464 2475 1536 subsequent
2515 1476 2742 1535 capture
2782 1466 2857 1534 by
2883 1466 3159 1520 warwick
3189 1464 3237 1519 is
3263 1466 3375 1520 told
3416 1467 3491 1534 by
3515 1466 3613 1521 the

1047 1554 1224 1608 Monlt
1249 1553 1313 1607 ol*
1337 1554 1735 1621 Malmesbury,
1765 1552 1891 1606 Vita
1913 1553 2083 1607 Edw.
2106 1552 2202 1619 JJ„
2228 1565 2359 1619 177:
2401 1554 2415 1580 ⁸
2436 1554 2579 1608 Cum
2608 1552 2776 1621 igitur
2795 1552 3004 1608 videret
3040 1554 3235 1607 Petrus
3259 1554 3613 1609 obsidionem

1036 1642 1154 1712 jam
1180 1654 1443 1712 coeptam,
1467 1640 1732 1695 auxilium
1761 1640 1906 1709 regis
1933 1640 2315 1710 interceptum,
2340 1652 2583 1695 castrum
2614 1641 2943 1696 victualibus
2976 1641 3304 1696 destitutum
3338 1652 3393 1695 et
3424 1640 3611 1695 socios

1041 1730 1228 1785 minus
1254 1729 1590 1784 sufficientes
1614 1728 1687 1782 ad
1715 1728 1940 1793 bellum,
1966 1727 2116 1782 misit
2143 1727 2217 1782 ad
2256 1728 2516 1782 comitem
2546 1727 2913 1787 Pembroltiae.
2941 1746 2999 1782 se
3026 1728 3260 1783 reddere
3287 1730 3479 1783 volens
3506 1730 3613 1781 snb

1041 1818 1396 1881 conditione:
1434 1828 1488 1871 et
1526 1826 1645 1871 erat
1683 1814 1933 1870 conditio
1969 1816 2110 1881 haec,
2138 1814 2390 1871 videlicet
2428 1816 2575 1887 quod
2610 1815 2795 1870 dictus
2832 1831 3022 1869 comes
3059 1816 3281 1869 Petrum
3322 1832 3498 1885 usque
3535 1816 3609 1869 ad

1041 1906 1230 1975 gulam
1253 1904 1488 1973 Augusti
1515 1914 1757 1958 servaret
1788 1903 2038 1959 illa-sum.
2057 1913 2134 1968 et,
2153 1902 2199 1956 si
2227 1902 2465 1973 placeret
2485 1902 2533 1958 ei
2553 1902 2703 1973 quod
2730 1902 2947 1957 interim
2968 1904 3203 1957 crxnites
3228 1902 3611 1973 disponerent.

1041 1994 1185 2048 bene
1221 1992 1484 2064 quidemg
1523 1990 1607 2046 sin
1648 2002 1855 2055 autem,
1889 1990 2270 2044 restitueretur
2313 1990 2366 2043 in
2410 1990 2703 2060 pristinum
2742 2002 2965 2055 statum,
3003 1990 3210 2044 scilieet
3247 1992 3322 2043 ad
3360 2003 3609 2043 castrum

1041 2081 1190 2135 unde
1217 2081 1419 2135 exierat
1448 2093 1502 2135 et
1527 2080 1600 2133 ad
1629 2095 1875 2139 sororem
1901 2094 2074 2148 quam
2102 2077 2255 2149 prius
2281 2078 2593 2148 reliquerat.
2669 2080 2876 2131 Comes
2900 2090 3091 2131 autern
3117 2078 3188 2132 de
3216 2078 3321 2131 luc
3349 2092 3611 2147 αμυσαι·

1038 2169 1282 2237 gavisus,
1310 2168 1478 2223 sociis
1512 2164 1857 2229 inconsultis,
1884 2165 2056 2220 immo
2081 2184 2147 2220 ex
2175 2165 2400 2235 proprio
2434 2166 2618 2235 capite
2645 2178 2869 2234 sumpto
2903 2163 3155 2227 consilio,
3182 2164 3329 2234 cepit
3368 2166 3611 2225 Petrum.

1039 2268 1095 2312 et
1134 2255 1339 2327 placuit
1380 2254 1644 2313 conditio.
1668 2263 1724 2308 et
1756 2253 1829 2307 ad
1874 2254 2097 2307 Petrum
2138 2253 2474 2307 servandum
2516 2254 2619 2307 sub
2656 2252 2835 2306 forma
2878 2252 3150 2323 pra-dicta
3186 2252 3455 2319 obligavit
3494 2254 3607 2319 regi

1040 2356 1219 2400 terras
1251 2355 1306 2397 et
1344 2352 1663 2398 tenementa
1691 2380 1870 2395 .....
1900 2341 2106 2395 Comes
2145 2340 2311 2409 igitur
2334 2340 2673 2395 Adolmarus
2709 2357 2837 2393 cum
2877 2340 3156 2393 vinculato
3194 2357 3293 2393 suo
3329 2340 3490 2393 Petro
3527 2357 3605 2393 re-

1037 2434 1203 2489 cessit
1239 2449 1274 2487 a
1310 2432 1499 2494 borea,
1533 2429 1606 2485 ad
1643 2428 1861 2496 Anglia:
1902 2427 2141 2483 tendens
2183 2427 2462 2492 interiora,
2494 2440 2549 2484 et
2589 2445 2718 2483 cum
2762 2427 2981 2482 circiter
3017 2428 3261 2498 quinque
3299 2427 3481 2482 dietas
3520 2430 3607 2480 vel

1039 2521 1279 2592 amplius
1323 2519 1645 2590 peregisset,
1680 2517 1908 2572 tandem
1948 2516 2002 2570 in
2046 2515 2373 2571 comitatum
2416 2515 3013 2570 Northamtoniensem
3058 2514 3379 2574 deu-niens,
3408 2527 3609 2568 vocato

1045 2610 1210 2663 Petro
1246 2607 1419 2662 dixit:
1459 2611 1492 2635 ‘⁴
1519 2606 1805 2672 fatigatus
1833 2621 1895 2658 es
1932 2620 1998 2658 ex
2037 2603 2251 2668 itinere,
2276 2615 2330 2658 et
2368 2620 2509 2673 opus
2545 2615 2692 2657 esset
2733 2602 2832 2657 tibi
2872 2601 3256 2660 recreatione:
3294 2613 3379 2656 est
3416 2615 3605 2655 autem

1041 2697 1130 2751 hic
1152 2696 1306 2766 juxta
1334 2693 1463 2749 villa
1489 2693 1728 2756 modica,
1755 2692 1909 2745 locus
1934 2708 2194 2745 amoenus
2219 2703 2272 2745 et
2300 2691 2489 2761 ampla
2522 2690 2779 2744 aedificia.
2856 2690 2981 2756 Ego
3006 2705 3139 2742 vero
3162 2691 3309 2742 circa
3344 2691 3605 2758 qustum

1039 2783 1262 2852 negotia
1297 2782 1371 2836 ad
1410 2793 1631 2852 tempus
1673 2781 1973 2842 recedam;
2021 2778 2230 2832 ibidem
2275 2795 2495 2832 morare
2538 2777 2713 2831 donec
2755 2776 3028 2830 veniam.”
3106 2777 3175 2830 Et
3221 2776 3415 2830 Petrus
3452 2777 3603 2844 qnod

1037 2889 1228 2926 comes
1266 2870 1460 2940 optulit
1499 2881 1784 2936 gratanter
1819 2866 2072 2937 accepit3
2110 2877 2165 2920 et
2203 2865 2349 2920 misit
2387 2882 2515 2919 eum
2554 2865 2627 2918 ad
2670 2864 2879 2918 dictam
2912 2864 3097 2916 villam
3136 2880 3266 2916 cum
3304 2865 3561 2916 custodia
3594 2885 3607 2922 ;

1039 2960 1136 3014 sed
1177 2975 1287 3014 non
1327 2957 1463 3011 vidit
1502 2973 1691 3009 comes
1733 2955 1955 3010 Petrum
1994 2955 2234 3023 amplius
2279 2952 2333 3006 in
2371 2950 2588 3018 Anglia.
2665 2952 2808 3006 Cum
2852 2962 3041 3004 autem
3078 2951 3367 3004 didicisset
3412 2967 3605 3002 comes

1039 3047 1423 3116 warewykyae
1439 3044 1631 3098 omnia
1647 3060 1772 3113 quae
1791 3042 2105 3110 agebantur
2123 3040 2270 3094 circa
2298 3041 2537 3104 Petrum,
2557 3051 2790 3108 accepta
2818 3054 2983 3091 manu
3006 3037 3209 3096 valida,
3226 3037 3403 3090 accita
3431 3039 3603 3090 etiam

1037 3146 1155 3190 tota
1194 3135 1390 3205 patria,
1414 3135 1559 3187 clam
1600 3130 1776 3185 tendit
1815 3129 1888 3183 ad
1931 3131 2111 3183 locum
2152 3128 2243 3182 ubi
2282 3127 2543 3196 cognovit
2578 3143 2707 3181 esse
2739 3127 2980 3186 Petrum,
3005 3135 3061 3179 et
3090 3125 3253 3178 valde
3289 3141 3455 3178 mane
3494 3141 3605 3178 una

1037 3225 1397 3279 sabbatorum
1442 3220 1671 3274 veniens
1708 3218 1780 3272 ad
1829 3217 2012 3270 villam
2057 3215 2279 3270 intr-avit
2325 3229 2541 3285 portam
2586 3215 2755 3268 eurise
2794 3225 2848 3267 et
2890 3213 3256 3267 circumdedit
3302 3227 3601 3266 antenus.

1041 3309 1387 3366 Exclamat-it
1419 3319 1606 3362 autem
1642 3323 1832 3360 comes
1867 3321 2002 3358 voce
2041 3321 2280 3370 magna:
2322 3305 2354 3332 ‘⁴
2377 3305 2572 3368 Surge,
2598 3301 2863 3372 proditor,
2888 3311 3087 3370 captus
3111 3299 3225 3354 esf·
3302 3299 3373 3353 Et
3408 3300 3605 3352 Petrus

1034 3398 1272 3453 audiens
1309 3394 1594 3457 comitem,
1621 3393 1818 3448 videns
1853 3391 2020 3446 etiam
2059 3407 2289 3445 manum
2328 3389 2549 3444 comitis
2589 3388 2924 3456 superiorem
2950 3400 3005 3442 et
3033 3387 3347 3440 custodiam
3381 3387 3468 3438 cui
3506 3387 3599 3440 de·

1034 3499 1260 3557 putatus
1298 3501 1407 3538 non
1447 3484 1817 3544 resistentem,
1846 3480 2083 3533 induens
2122 3479 2453 3532 vestimenta
2492 3493 2593 3530 sua
2624 3475 2916 3530 descendit
2948 3473 3019 3528 de
3052 3490 3293 3528 camera.
3368 3475 3599 3542 Cap-tur

1035 3575 1198 3644 igitur
1227 3575 1440 3635 Petrus,
1465 3582 1518 3625 et
1548 3587 1657 3624 non
1687 3569 1823 3622 sicut
1848 3585 2058 3630 comes,
2086 3565 2259 3619 immo
2286 3565 2423 3618 sicut
2455 3566 2610 3624 latro,
2637 3563 2961 3633 producitur
2986 3579 2999 3624 ;
3036 3572 3091 3615 et
3119 3561 3212 3630 qui
3244 3562 3457 3614 solebat
3484 3561 3599 3630 pal-

1031 3661 1208 3716 {ridos
1233 3659 1536 3714 ascendere
1561 3659 1674 3726 jam
1702 3655 1876 3726 pedes
1895 3655 2113 3722 cogitur
2133 3655 2227 3707 ire.
2282 3655 2425 3706 Cum
2451 3665 2640 3705 autem
2668 3651 2995 3704 transissent
3016 3649 3194 3702 avilla
3214 3647 3289 3702 ad
3316 3649 3599 3701 modicum

1035 3750 1192 3816 jussit
1238 3765 1428 3802 crunes
1469 3745 1700 3816 pra-beri
1741 3744 1904 3797 Petro
1943 3753 2257 3810 jumentum
2296 3753 2352 3795 ut
2389 3758 2458 3793 eo
2502 3739 2746 3792 velocius
2790 3749 3091 3790 maturaret
3130 3737 3231 3790 iter
3270 3751 3449 3788 sumn.
3528 3736 3599 3788 Et

1037 3839 1260 3892 Petrum
1288 3836 1662 3906 sequebantur
1682 3849 1888 3884 cornua
1912 3829 2184 3890 tonantia,
2203 3828 2440 3897 populus
2465 3829 2715 3879 clarmns
2732 3837 2787 3879 et
2810 3843 2915 3876 vox
2944 3823 3183 3876 horrida.
3244 3823 3371 3892 Jam
3404 3823 3599 3874 [ἀι-ιιι

1031 3925 1286 3994 deposuit
1329 3922 1611 3988 cingulum
1656 3921 1885 3980 militi-r,
1925 3929 2066 3972 sicut
2109 3917 2198 3970 fur
2233 3928 2287 3968 et
2332 3915 2582 3984 proditor
2632 3913 2806 3966 tendit
2847 3912 3248 3978 waren-ylowe,
3284 3921 3339 3962 et
3387 3909 3597 3962 ibide-m

1033 4012 1260 4066 veniens
1287 4011 1519 4064 mittitur
1545 4009 1599 4062 in
1626 4024 1926 4060 carcerem.
2005 4004 2179 4059 Modo
2206 4005 2319 4056 suis
2340 4003 2572 4056 vinculis
2602 4002 2822 4054 l’etnun
2848 4000 3185 4067 subjugavit,
3204 4013 3371 4068 quem
3396 4013 3595 4050 canem

1031 4097 1327 4167 watevyk
1360 4099 1552 4152 Petrus
1578 4093 1912 4166 appellavit!

1104 4185 1382 4242 wius-iel<
1419 4185 1584 4238 made
1610 4187 1896 4238 Gai-eston
1935 4180 2023 4234 his
2057 4181 2307 4250 prisoner
2338 4191 2395 4232 at
2426 4177 2750 4244 Dezlington
2785 4193 2858 4228 on
2892 4173 2987 4228 tlte
3031 4173 3155 4227 toth
3182 4173 3321 4242 June
3352 4173 3595 4228 lsi-nl.
