4154 4895
902 176 925 222 1
938 160 1021 221 08
1786 164 1835 219 C
1834 164 2155 221 HRONIC
2156 164 2276 220 ΟΝ
2315 164 2423 219 GA
2431 162 2724 219 LFRIDI

546 386 853 437 &mam
891 364 1346 441 abscisionem,
1423 375 1654 450 postea
1727 384 2099 449 suspensus,
2173 365 2442 429 demum
2523 363 2959 448 decapitatus,
3032 375 3098 428 et
3178 361 3456 428 finaliter
3539 364 3602 427 in

550 754 623 804 Ex
726 756 851 806 ition

549 830 603 871 to
736 853 755 863 ·

548 903 675 952 cony
700 894 835 949 (ΛΔ).

556 960 723 1023 ¹5⁴9)-

552 2794 639 2860 Jul
654 2795 761 2844 iloe.

556 3162 767 3211 fainrd

552 3243 782 3293 preparet

554 3305 607 3342 io
634 3295 811 3344 [nv-lde

554 3359 752 3410 france.

552 3527 724 3578 Truoe.

894 488 1227 570 quarteria
1283 486 1549 563 divisu3‚
1606 486 1893 552 exsolvit
1953 506 2158 570 penas
2211 485 2608 570 prodicionis
2670 496 2737 550 et
2792 483 2952 549 false
3014 481 3474 569 peieracioni⁸¹
3537 484 3602 548 in

894 618 1380 673 sacramentum
1412 607 1655 673 altaris.

1077 729 1337 795 Eodem
1362 748 1537 794 anno
1553 748 1776 795 comen
1802 728 2187 795 Lancastrie
2208 740 2273 793 et
2297 728 2578 793 barones
2603 725 2963 793 Stafl'ordie
2986 738 3053 792 et
3076 727 3166 791 de
3187 725 3542 792 Greistoke
3561 726 3608 799 ⁸.

901 850 1059 917 item
1107 849 1383 915 heredes
1439 849 1862 916 dominorum
1908 850 1995 915 de
2043 849 2252 933 Percy
2296 861 2363 914 et
2409 850 2496 915 de
2557 848 2868 914 Neville³
2913 859 3114 931 atque
3158 848 3470 913 dominus
3517 848 3610 912 de

899 970 1207 1037 Fornival
1229 968 1256 1009 ⁸
1282 983 1347 1036 et
1377 969 1882 1036 Bartholomeus
1911 971 1996 1035 de
2028 970 2450 1054 Burghasshe
2472 967 2521 1045 ⁸,
2550 990 2701 1036 cum
2736 968 2961 1034 multis
2983 968 3146 1045 aliis,
3168 967 3342 1035 circa
3365 968 3606 1034 festum

897 1092 1215 1157 Omnium
1250 1092 1646 1157 Sanctorum
1691 1091 2268 1157 transfretaverant
2305 1090 2367 1155 in
2398 1090 2814 1165 vasconiam,
2846 1090 3124 1175 posituri
3160 1089 3606 1155 resistendam

893 1214 1319 1280 debacacioni
1372 1212 1686 1277 Iohannis
1738 1213 1825 1278 de
1869 1212 2161 1289 Valesio,
2199 1210 2313 1276 filii
2365 1212 2605 1277 tiranni
2657 1212 3079 1287 Francorum,
3124 1210 3239 1295 qui
3285 1211 3606 1277 ducatum

897 1334 1082 1399 illum
1115 1335 1308 1399 nimis
1346 1332 1695 1398 infestavit.

1077 1455 1265 1531 Item,
1318 1457 1669 1521 concilium
1737 1452 2004 1539 regale⁸
2073 1454 2402 1519 ordinavit
2447 1454 2628 1538 quod
2688 1454 2906 1518 nullus
2965 1454 3135 1537 regis
3196 1452 3609 1525 iusticiarim,

899 1577 1178 1641 durante
1208 1588 1508 1660 tempore
1538 1574 1636 1642 sui
1679 1576 1893 1653 officii,
1925 1575 2242 1660 reciperet
2271 1574 2465 1641 feoda
2503 1575 2589 1640 de
2617 1595 3036 1659 quocumque
3071 1595 3186 1640 seu
3229 1575 3424 1653 dona,
3461 1594 3610 1660 pre·

900 1707 1200 1780 terquam
1246 1698 1331 1763 de
1378 1719 1548 1781 rege.

1078 1817 1267 1895 Item,
1300 1818 1613 1901 magister
1656 1816 1953 1884 Thomas
1998 1816 2506 1901 Bradcwardyn,
2537 1818 3068 1902 archiepiscopus
3114 1814 3608 1883 cantuariensis

899 1940 1192 2003 nondum
1235 1939 1681 2016 intronizatus,
1711 1939 1895 2017 obiit,
1924 1952 1990 2005 et
2039 1939 2352 2023 magister
2393 1938 2649 2022 Symon
2679 1940 2764 2005 de
2810 1937 3032 2025 Islep‘¹
3069 1940 3132 2004 in
3173 1939 3315 2004 eius
3353 1958 3610 2003 succes·

901 2079 1116 2125 sorem
1164 2058 1372 2124 fuerat
1417 2059 1680 2125 electus.

1074 2179 1324 2246 Adhuc
1391 2180 1518 2245 isto
1574 2200 1767 2256 anno,
1813 2180 1877 2244 in
1947 2181 2266 2247 comitatu
2332 2180 2614 2257 Oxonic‚
2667 2180 2855 2246 iuxta
2913 2181 3138 2245 villam
3187 2200 3318 2265 que
3367 2180 3610 2247 dicitur

907 2298 1488 2385 Chepingnortone
1506 2298 1551 2377 ⁸,
1613 2299 2063 2366 inveniebatur
2115 2320 2382 2387 serpens
2440 2301 2821 2386 bicapitata,
2873 2302 3122 2367 habens
3179 2301 3348 2367 duas
3409 2301 3610 2367 facie·

904 2420 1263 2498 femininas,
1296 2442 1492 2487 unam
1534 2441 1717 2487 more
1748 2422 2007 2488 novello
2038 2421 2426 2488 feminarum
2458 2434 2782 2498 ornatam,
2811 2423 3010 2488 aliam
3047 2442 3312 2508 quoque
3345 2422 3610 2488 imitan-

902 2553 1037 2608 tem
1069 2554 1371 2608 ornatum
1408 2543 1772 2625 antiquum,
1801 2553 1866 2607 et
1900 2543 2134 2608 habuit
2169 2543 2308 2608 alas
2339 2543 2555 2628 largas
2582 2544 2666 2610 ad
2705 2545 2976 2610 modum
3007 2543 3504 2629 vespertilionis.

905 2783 1140 2848 mentis
1163 2781 1285 2866 vj‘¹.
1309 2803 1484 2850 anno
1883 2785 1927 2863 ³,
1958 2806 2168 2850 annus
2201 2784 2478 2851 iubileus
2507 2786 2779 2852 celebris
2809 2785 3196 2862 habebatur,
3218 2806 3354 2870 quo
3375 2803 3610 2852 omnen

903 2900 1258 2970 Christiani
1278 2904 1728 2989 apostolorum
1758 2905 1985 2971 limina
2014 2907 2358 2972 visitantes
2392 2907 2651 2993 plenam
2679 2907 3161 2991 indulgenciam
3181 2908 3265 2972 de
3293 2907 3606 2972 omnibns

902 3026 1189 3110 peccatis
1235 3026 1357 3090 rite
1399 3024 1674 3092 confessi
1718 3037 1785 3091 et
1829 3027 2096 3093 contriti
2144 3028 2563 3114 recipiebant.

1081 3145 1407 3212 Dominus
1466 3148 1552 3213 de
1614 3147 1944 3230 Pornyval
1967 3147 2018 3186 ¹⁰
2079 3148 2445 3214 inconsulta
2493 3150 2863 3214 temeritate
2927 3148 3230 3214 hostibus
3289 3147 3610 3213 insultans

901 3264 1159 3347 capitur
1190 3262 1253 3328 in
1278 3263 1625 3340 vasconia,
1648 3285 1767 3331 nec
1799 3265 2080 3330 multum
2108 3278 2338 3351 postea
2368 3287 2485 3331 rex
2523 3287 2714 3330 suum
2747 3267 3122 3352 passagium
3163 3265 3227 3330 in
3261 3264 3608 3331 Franciam

902 3385 1261 3460 ordinavit3
1308 3397 1407 3450 oet
1467 3405 1689 3451 comcs
1752 3383 2136 3452 Lancastrie
2196 3389 2450 3451 rediens
2498 3388 2584 3453 de
2628 3387 2956 3453 vasconia
3003 3387 3333 3453 nunciavit
3386 3387 3470 3451 eii
3521 3387 3608 3451 de

901 3505 1149 3588 treugis
1183 3507 1377 3571 editis
1422 3527 1539 3591 per
1576 3507 1813 3591 ipsum,
1844 3528 2126 3591 quarum
2174 3509 2432 3575 racione
2485 3509 2656 3592 regin
2700 3507 3149 3575 transfretacio
3205 3507 3412 3573 fiaes-n
3465 3527 3608 3572 m

901 3648 1122 3711 pensa.

1079 3747 1218 3813 Isto
1262 3768 1453 3824 anno,
1500 3747 1563 3813 in
1623 3749 1731 3815 die
1776 3750 1985 3815 sancti
2042 3748 2328 3834 Georgii,
2369 3772 2487 3814 rex
2535 3751 2887 3818 celebravit
2935 3749 3185 3836 grande
3235 3748 3608 3815 comivium

976 3941 987 3968 ⁸
1030 3939 1411 4010 peioracionis.
1454 3941 1533 4006 B:
1584 3939 1996 4012 periuncionis.
2036 3941 2102 3996 C.
2351 3941 2372 3973 ⁸
2409 3942 2738 4012 Greystoke.
2776 3943 2840 3996 C.
3053 3937 3075 3970 ⁸
3113 3940 3349 4010 Novi·-
3387 3940 3454 3996 C.

974 4029 991 4056 ·
1034 4029 1329 4098 fuum-21.
1368 4029 1432 4082 e.
1671 4026 1695 4058 ⁸
1736 4029 2082 4084 nummii.
2121 4030 2186 4086 c.
2417 4027 2439 4060 ·
2473 4029 2748 4100 generale.
2789 4029 2852 4084 c.
3067 4023 3088 4056 ³
3129 4028 3328 4100 intepe-
3365 4028 3430 4084 c.

970 4113 991 4144 ⁶
1029 4116 1553 4188 Chepyngnortone.
1593 4117 1657 4172 C.
1869 4115 1891 4148 ⁸
1926 4117 2134 4172 Blank.
2177 4118 2238 4172 Β.
2667 4117 2707 4150 ’⁶
2743 4115 3024 4174 famini.
3059 4119 3125 4172 C.
