4154 4895
972 264 993 310 1
1012 250 1089 311 22
1852 255 2344 314 CHRONICON
2384 256 2792 313 GALFRIDJ

611 463 923 517 namma.
958 466 1275 519 coronato
1335 453 1759 531 Francorum,
1821 475 1973 538 rege
2030 454 2282 521 eciam¹
2332 455 2626 520 Navarre
2684 468 2749 520 et
2797 456 2965 521 duce
3029 454 3406 539 Burgundie
3466 466 3672 539 atque

670 553 865 569 —
955 573 1254 659 plurimis
1314 575 1581 659 paribus
1637 586 1704 640 et
1762 575 1907 641 aliis
1966 577 2051 641 de
2098 596 2301 659 regno
2349 576 2642 653 Francie,
2687 576 2830 640 dux
2890 577 3301 641 dextrarium
3363 579 3672 643 decenter

953 696 1353 771 conscendit,
1387 697 1567 761 omni
1604 696 1794 779 signo
1830 697 1970 762 sine
2004 696 2266 762 defectu
2304 697 2527 762 duello
2557 697 2949 763 desiderato.
3064 697 3357 763 Omnino
3403 713 3672 782 paratus

951 817 1331 901 expectavit
1367 818 1718 882 adversarii
1763 819 2296 902 preparacionem
2344 830 2410 883 et
2446 838 2676 885 vocem
2717 818 3016 901 preconis
3052 830 3252 902 atque
3287 820 3668 885 caucionem

955 938 1323 1004 communis
1343 937 1686 1003 iuramenti
1710 939 1795 1004 de
1821 938 1950 1004 fide
1973 939 2303 1005 dictorum
2332 951 2397 1003 et
2424 939 2718 1023 parendo
2746 939 2882 1002 iuri.
2959 938 3014 1002 Ε
3042 951 3271 1005 contra
3297 941 3668 1024 predictum

958 1058 1282 1125 Ottonem
1326 1058 1488 1124 vix²
1533 1060 1789 1126 auxilio
1832 1060 2324 1126 sublevancium
2371 1081 2581 1143 equus
2643 1060 3057 1125 recalcitrans
3103 1060 3342 1144 recepit
3409 1062 3670 1133 invitus,

956 1200 997 1244 a
1042 1199 1178 1263 quo
1220 1192 1485 1245 evectus
1530 1200 1659 1245 non
1707 1181 1923 1265 potuit
1968 1181 2292 1247 cassidem
2339 1191 2436 1245 set
2486 1200 2699 1264 neque
2744 1192 3003 1246 scutum
3058 1181 3364 1247 decenter
3417 1196 3670 1266 aptare.

957 1311 1071 1366 aut
1104 1300 1397 1367 lanceam
1444 1302 1709 1384 erigere,
1740 1312 1854 1367 aut
1899 1322 1969 1366 se
2004 1322 2135 1366 non
2169 1322 2362 1385 posse
2407 1302 2774 1366 vecorditer
2805 1300 2996 1366 finxit
3020 1300 3065 1362 ³.
3161 1300 3394 1386 Itaque
3439 1305 3666 1367 statim

956 1434 1274 1487 coronato
1318 1434 1520 1506 atque
1566 1423 1699 1506 regi
1746 1422 2020 1506 aliisque
2065 1422 2473 1506 presentibus
2513 1433 2853 1507 comperta
2917 1421 3189 1488 Ottonis
3250 1423 3670 1506 impotencia.

957 1555 1308 1609 coronatus
1352 1542 1753 1609 Francorum
1790 1563 2058 1609 causam
2109 1543 2566 1608 monomachie
2609 1543 3139 1626 pertractandam
3183 1542 3308 1607 sibi
3354 1544 3672 1607 continuo

960 1662 1330 1728 reservavit.
1424 1662 1620 1729 Unde
1666 1662 1834 1728 Otto
1880 1663 2185 1748 primitus
2233 1664 2444 1728 iussus
2489 1685 2528 1727 a
2579 1662 2768 1728 loco‘
2816 1663 3128 1727 abscessit
3151 1662 3194 1737 ⁸,
3239 1662 3350 1727 et⁸
3397 1664 3460 1727 in
3516 1684 3670 1727 area

608 1772 822 1892 Q
959 1784 1101 1848 dux
1146 1784 1545 1866 expectavit.
1638 1782 1791 1849 Post
1839 1783 1979 1859 hec,
2025 1796 2338 1868 precepto
2381 1783 2676 1850 coronati
2740 1782 3163 1859 Francorum,
3210 1783 3379 1849 Otto
3433 1784 3668 1849 iuravit

960 1905 1143 1987 quod
1216 1924 1579 1987 numquam
1654 1925 1741 1969 ex
1831 1914 1988 1970 tunc
2062 1906 2149 1970 de
2222 1906 2519 1989 predicto
2600 1903 2877 1969 articulo
2963 1905 3201 1969 ducem
3287 1902 3670 1969 Lancastn‘e

960 2024 1475 2109 calumpniaret;
1520 2036 1587 2091 et
1617 2025 1861 2090 abinde
1889 2027 2031 2091 dux
2066 2046 2183 2110 per
2221 2025 2602 2090 Selandiam
2637 2024 3038 2108 repatriavit.

608 2134 911 2265 2:¹3¹·le
1134 2144 1522 2210 Incidenda.
1618 2145 1771 2212 Post
1848 2145 2293 2231 Epiphaniam
2364 2147 2553 2212 istius
2610 2145 2783 2221 anni,
2850 2145 2912 2209 in
2978 2146 3414 2229 parliamento
3486 2149 3668 2230 apud

610 2267 927 2384 man-oc
962 2264 1623 2332 westmonasterium
1670 2267 2021 2343 celebrato,
2070 2266 2191 2332 suit
2217 2268 2614 2344 ordinatum,
2660 2268 2745 2331 ad
2803 2267 3191 2331 instanciam
3245 2266 3671 2331 Londonien-

610 2413 821 2451 νοωω.
958 2388 1149 2464 sium,
1193 2389 1371 2471 quod
1420 2386 1598 2454 nulla
1646 2388 1959 2454 meretrix
2006 2385 2279 2455 notata⁷
2344 2398 2632 2472 gestaret
2691 2388 2778 2453 de
2843 2398 3064 2454 cetero
3121 2388 3467 2473 capucium
3545 2390 3668 2453 nisi

960 2509 1417 2592 stragulatum,
1479 2529 1691 2593 neque
1752 2521 2042 2575 uteretur
2092 2509 2343 2595 pellura
2387 2520 2504 2576 aut
2549 2510 2842 2574 vestibus
2905 2511 3267 2584 reversatis,
3323 2511 3445 2573 sub
3499 2531 3670 2594 pena

967 2629 1435 2697 forisfaccionis
1472 2632 1855 2695 earumdem
1876 2631 1923 2693 ⁸.

612 2743 857 2859 ξῗῃΡζῖῑ·
1138 2751 1330 2828 Item,
1361 2751 1586 2817 bladi⁹
1624 2753 1884 2818 caristia
1930 2773 2047 2836 per
2089 2752 2235 2816 illos
2271 2753 2357 2817 de
2396 2750 2709 2818 Selandia
2753 2765 2818 2817 et
2865 2751 3260 2817 Hibernicos
3303 2751 3670 2816 deserentes

610 2891 744 2925 0⁰¹⁰·
963 2873 1163 2940 blada
1194 2874 1447 2939 venalia
1492 2873 1577 2938 ad
1615 2874 1907 2938 diversos
1932 2869 1982 2908 ¹⁰
2018 2884 2248 2957 portus
2280 2875 2459 2957 regni
2494 2872 2611 2939 suit
2647 2874 2709 2937 in
2744 2892 3056 2956 magnum
3091 2873 3316 2958 populi
3351 2875 3668 2938 solacium

964 2996 1290 3080 mitigata.

614 3137 779 3190 noth
804 3139 863 3189 οι
1139 3116 1437 3182 Preterea
1470 3117 1599 3182 isto
1629 3137 1803 3182 anno
1841 3117 1947 3201 pie
1979 3117 2295 3181 memorie
2334 3115 2643 3181 dominus
2681 3113 3050 3180 willelmus
3079 3117 3165 3180 dc
3198 3115 3258 3179 la
3293 3115 3572 3182 Zowche
3593 3115 3670 3190 ¹¹,

610 3204 897 3328 ff‘zss‘ff
962 3239 1492 3324 archiepiscopus
1534 3238 1987 3314 Eboracensis,
2016 3239 2106 3302 ab
2150 3237 2274 3304 hoc
2322 3238 2569 3301 mundo
2604 3237 2951 3319 migravit3
3014 3249 3080 3300 et
3130 3237 3192 3299 in
3223 3257 3414 3300 suum
3449 3237 3668 3302 locum

610 3336 913 3452 πιέζοι)
965 3361 1278 3444 magister
1326 3359 1650 3424 Iohannes
1694 3361 1782 3425 de
1827 3356 2232 3443 Thursby¹²,
2277 3359 2626 3442 episcopus
2675 3357 3128 3423 wircestric¹³
3172 3371 3238 3422 et
3288 3359 3466 3440 regni
3513 3379 3668 3424 can·

614 3467 872 3532 (¹⁹J⁸¹Y²
959 3482 1279 3558 cellarius,
1313 3481 1525 3546 suerat
1563 3481 1943 3546 translatus.

612 3631 921 3681 Lam„
1136 3602 1343 3667 Anno
1394 3600 1636 3666 Christi
1688 3599 2031 3684 M.CCC.l3.,
2080 3601 2250 3682 regis
2301 3599 2606 3665 Edwardi
2657 3598 2952 3682 xxvij.¹⁴,
3004 3600 3067 3664 in
3115 3600 3399 3664 crastino
3457 3602 3668 3666 uncti

964 3721 1217 3790 Mathei
1237 3722 1337 3786 vel
1366 3719 1680 3786 Mathie¹³
1704 3721 2009 3806 apostoli,
2031 3722 2093 3785 in
2111 3719 2162 3758 ¹⁸
2189 3721 2624 3805 parliamento
2643 3720 3221 3786 westmonasterii
3255 3719 3376 3787 suit
3406 3722 3670 3786 ordina·

1034 3895 1049 3926 '
1085 3907 1141 3952 et
1170 3912 1316 3960 rege.
1357 3896 1421 3951 C.
1773 3891 1797 3925 ¹
1832 3894 2113 3964 predictus
2140 3891 2303 3958 Ottog
2342 3891 2589 3947 andom.
2627 3893 2733 3947 vix.
2775 3893 2838 3949 C.
3171 3887 3194 3920 “
3232 3891 3362 3946 fixit.
3401 3893 3464 3946 C.

1025 3982 1046 4014 ⁶
1080 4000 1119 4038 a
1144 3981 1415 4053 Ioc010m.
1459 3983 1519 4036 Β.
1767 3978 1792 4011 ⁸
1827 3983 2071 4037 recessit.
2100 3983 2165 4036 C.
2427 3979 2447 4008 ⁸
2483 3983 2622 4034 ahu.
2649 3979 2726 4050 etl
2752 3979 3094 4050 transposed.
3129 3981 3206 4044 B:
3242 3991 3298 4036 et
3324 3997 3428 4032 on.
3458 3979 3522 4034 C.

1028 4067 1049 4100 ²
1087 4085 1302 4126 vomu.
1331 4071 1395 4126 C.
1646 4067 1667 4096 “
1702 4071 2051 4124 eorumdem.
2099 4070 2160 4122 B.
2190 4069 2257 4124 C.
2511 4069 2532 4098 ’
2569 4069 2716 4124 bodi.
2759 4069 2823 4124 C.
3041 4067 3084 4098 ⁸·
3121 4067 3390 4122 diversas.
3437 4067 3494 4120 B.
3527 4068 3592 4122 C.

1030 4157 1064 4188 ¹¹
1106 4159 1343 4214 souche.
1383 4157 1448 4212 C.
1875 4154 1915 4188 ¹²
1950 4157 2228 4226 Thonby.
2267 4156 2332 4212 C.
2763 4153 2802 4186 ²⁸
2842 4155 3278 4225 wmomiemis.
3318 4153 3382 4208 C.

1030 4247 1068 4276 '⁸
1106 4263 1219 4318 ng.
1249 4245 1416 4300 Edw.
1444 4241 1652 4314 xxvij]
1680 4262 1786 4298 om.
1828 4244 1892 4300 C.
2183 4241 2221 4274 ⁸⁸
2261 4242 2489 4298 Matho·
2513 4241 2628 4314 vd]
2658 4261 2764 4296 om.
2806 4245 2868 4298 C.
3157 4241 3198 4274 ‘⁰
3233 4259 3342 4294 en.
3385 4241 3448 4296 Β.
