4154 4895
1223 280 1333 334 LE
1380 280 1672 335 BAKER
1715 279 1836 334 DE
1877 281 2498 338 SWYNEBROKE.
3131 276 3204 338 81

505 483 749 547 bonam
775 480 1000 546 villam
1037 491 1103 546 et
1136 492 1423 547 castrum
1457 483 1541 547 de
1570 482 1857 559 Vernon,
1889 503 2020 547 non
2052 493 2249 567 capta
2281 504 2399 548 nec
2431 493 2628 561 tacta,
2659 495 2725 548 et
2757 484 2846 549 ibi
2890 484 3213 551 intrarunt
3250 502 3561 554 aalma.

504 604 570 667 in
605 603 969 668 Franciam.
1061 602 1153 667 Et
1186 603 1296 668 illa
1327 614 1518 668 nocte
1549 603 2049 668 combusserunt
2086 614 2374 669 castrum
2406 606 2490 669 de
2524 604 3051 685 Rocheblanche,
3082 627 3213 690 que

502 734 636 789 stat
696 724 869 790 ultra
935 722 1285 808 Seganam,
1350 734 1418 789 et
1492 725 1949 808 ospitabantur
2014 726 2194 809 apud
2268 726 2324 789 F
2326 725 2522 791 revile
2594 747 2791 811 super
2858 726 3212 811 Seganam.

506 847 743 910 Postea
772 846 1164 910 transierunt
1197 867 1312 929 per
1341 847 1567 911 villam
1599 847 1683 911 de
1716 845 2009 923 Maunte,
2040 848 2126 912 de
2165 857 2359 912 nocte
2403 848 2674 930 ospitati
2707 849 2884 932 apud
2921 848 3210 932 Eporne.

506 967 583 1030 In
629 967 932 1044 crastino,
976 968 1085 1032 die
1112 966 1403 1044 Veneris,
1452 968 1847 1031 transierunt
1900 968 1986 1032 ad
2035 968 2092 1031 F
2094 966 2399 1050 reignus;
2445 968 2513 1031 et
2559 969 2622 1031 in
2672 966 2972 1034 Sabbato
3015 989 3212 1033 vene·
3302 973 3344 1022 f·
3365 973 3508 1023 121¹».

504 1098 654 1152 runt
684 1089 772 1153 ad
816 1088 1061 1151 bonam
1105 1086 1333 1151 villam
1386 1090 1471 1154 de
1525 1088 1761 1171 Poecy,
1794 1088 1905 1152 ubi
1959 1098 2233 1171 pontem
2284 1109 2401 1173 per
2438 1085 2728 1153 Gallicos
2778 1088 3077 1165 fractum,
3130 1110 3214 1154 ne
3252 1097 3450 1175 Argival
3472 1105 3527 1148 at

505 1210 641 1293 regi
681 1219 861 1274 trans
893 1207 1221 1291 Segenam
1265 1210 1578 1273 transitus
1618 1229 1735 1293 per
1776 1209 1961 1273 illum
2005 1219 2278 1293 pateret,
2319 1211 2650 1275 contrario
2692 1230 2883 1274 sensu
2917 1210 3057 1293 ipse
3093 1230 3214 1273 rex
3252 1164 3441 1227 Pomy.

506 1330 657 1396 fecit
688 1330 1063 1395 reedificari.
1156 1330 1249 1394 Et
1279 1331 1515 1395 eodem
1547 1331 1656 1396 die
1688 1330 2041 1396 Dominico
2076 1341 2392 1394 venerunt
2422 1332 2507 1395 de
2539 1330 2803 1413 Amyas
2838 1340 2903 1394 et
2937 1331 3216 1396 Francia

503 1463 636 1516 tres
669 1472 907 1534 magne
935 1451 1107 1516 acies
1137 1452 1434 1516 ordinate
1464 1452 1551 1516 ad
1582 1451 2018 1536 proibendum
2052 1451 2190 1534 regi
2221 1451 2636 1534 passagium3
2683 1462 2801 1529 set,
2830 1450 3062 1516 habito
3094 1451 3216 1515 ibi-

504 1575 658 1639 dem
691 1574 821 1638 acri
851 1571 1155 1638 conflictu
1187 1581 1254 1637 et
1284 1573 1589 1637 trecentis
1623 1571 1891 1636 Gallicis
1924 1572 1988 1635 in
2022 1572 2137 1637 illo
2169 1572 2482 1655 peremtis
2512 1581 2715 1654 atque
2753 1572 2984 1637 ceteris
3015 1570 3213 1656 suga¹

505 1693 794 1778 dilapsis»,
840 1693 1337 1758 combusserunt
1381 1693 1652 1775 triginta
1699 1694 1866 1757 duas
1911 1692 2100 1775 bigas
2145 1703 2212 1756 et
2256 1692 2615 1775 quadrigas
2664 1691 2892 1777 plenas
2941 1692 3214 1768 balistis,

505 1814 830 1898 quarellis,
889 1824 956 1878 et
1016 1813 1161 1878 aliis
1235 1814 1586 1878 armaturis
1660 1823 1861 1896 atque
1917 1813 2332 1879 victualibus.
2425 1813 2656 1897 Igitur,
2715 1813 2962 1877 ibidem
3031 1834 3218 1878 mora
3255 1819 3469 1897 Pasage
3491 1817 3550 1869 os

504 1937 785 2000 duorum
840 1934 1094 2000 dierum
1155 1942 1508 2018 protracta,
1559 1934 1953 1998 transierunt
2001 1934 2090 1999 ad
2140 1931 2394 1998 Gersile
2452 1934 2644 1999 iuxta
2697 1933 3085 2017 Pountoys;
3149 1941 3216 1998 et
3253 1884 3544 2001 ffatim

506 2057 615 2121 die
662 2055 968 2122 Mercurii
1013 2056 1193 2138 apud
1243 2054 1452 2119 Autel
1499 2055 1790 2137 ospitati,
1840 2055 1903 2117 in
1949 2055 2236 2119 crastino
2286 2054 2673 2118 dimiserunt
2718 2075 2760 2119 a
2803 2052 3008 2119 latere
3058 2054 3215 2120 civi·
3253 2015 3428 2132 affin.

504 2186 711 2242 tatem
756 2178 842 2242 de
879 2176 1187 2260 Beuvoys
1234 2175 1571 2254 intactam,
1621 2184 1689 2240 et
1742 2196 1860 2259 per
1910 2174 2263 2239 Trosolurs
2314 2174 2592 2258 profecti
2644 2175 2823 2258 apud
2862 2173 3216 2240 Somereus

503 2298 614 2363 die
647 2297 921 2362 Veneris
959 2297 1275 2381 ospitium
1315 2307 1649 2381 ceperunt.
1740 2296 1821 2359 In
1861 2296 2148 2361 crastino
2195 2316 2345 2361 cum
2388 2295 2633 2360 insultu
2669 2306 3215 2380 expugnaverunt

503 2417 729 2484 villam
787 2420 871 2485 de
922 2418 1097 2503 Poys
1150 2418 1387 2484 acriter
1445 2416 1801 2494 defensam,
1852 2427 1920 2482 et
1972 2427 2263 2482 castrum
2323 2417 2846 2482 combusserunt.
2936 2415 3217 2501 Deinde,

505 2539 779 2624 profecti
831 2540 1064 2605 diebus
1101 2539 1290 2604 Lune
1324 2547 1392 2604 et
1426 2539 1680 2617 Martis„
1710 2539 1889 2621 apud
1926 2538 2262 2620 Areignus
2302 2546 2452 2602 sunt
2497 2536 2844 2603 demorati.
2937 2536 3217 2613 Deinde,

503 2663 682 2744 apud
718 2661 954 2727 Acheu
975 2661 1264 2744 ospitati,
1299 2648 1407 2725 die
1434 2657 1611 2724 Iovis
1640 2669 1955 2723 venerunt
1984 2658 2072 2724 ad
2106 2657 2264 2723 Noil
2297 2679 2407 2723 sur
2439 2657 2504 2723 la
2536 2657 2737 2736 Meer,
2766 2659 3011 2723 vadum
3044 2676 3216 2740 aque

504 2782 589 2846 de
621 2780 899 2847 Summe
933 2782 1018 2846 de
1048 2780 1223 2859 Port,
1254 2781 1367 2845 ubi
1399 2780 1617 2845 fluxus
1646 2788 1713 2844 et
1743 2779 2034 2844 refluxus
2066 2779 2264 2845 maris
2293 2780 2670 2844 succedunt.
2762 2777 2875 2841 Ex
2905 2777 3217 2862 opposito

506 2902 677 2967 illius
728 2903 883 2966 vadi
933 2911 1247 2967 venerunt
1310 2900 1546 2966 Gallici
1606 2903 1693 2967 de
1750 2901 2017 2966 civitate
2079 2898 2404 2965 Dabevile
2454 2909 2523 2964 et
2568 2899 2740 2964 illius
2798 2899 3012 2983 patrie
3061 2918 3212 2964 cum
3253 2905 3496 2957 Skimish
3513 2911 3566 2955 at

503 3023 995 3088 exclamacione
1022 3022 1217 3088 valde
1246 3023 1531 3106 superba
1568 3020 1913 3106 proibituri
1944 3021 2294 3086 transitum
2332 3040 2451 3104 per
2487 3020 2754 3098 vadum,
2786 3018 2852 3084 in
2881 3029 3013 3083 tres
3043 3018 3215 3084 acie·
3252 2972 3412 3088 {ffihe

503 3143 826 3208 terribiles
891 3143 1125 3222 divisi;
1201 3154 1431 3209 contra
1503 3163 1670 3226 quas
1728 3141 2098 3207 habuerunt
2154 3140 2426 3224 Anglici
2492 3141 2710 3206 dirum
2775 3159 3214 3223 congressum,
3252 3103 3466 3154 ⁵⁰me

504 3265 780 3331 domino
835 3265 1126 3349 Hugone
1181 3266 1269 3330 de
1314 3263 1605 3348 Spenser
1655 3263 1820 3328 illud
1872 3263 2181 3347 primitus
2239 3261 2611 3345 arripiente.
2704 3259 2845 3336 Set,
2906 3280 3024 3344 per
3086 3259 3214 3323 Dei

503 3386 815 3470 graciam,
834 3387 1112 3451 adverso
1144 3385 1332 3450 litore
1359 3386 1574 3449 invitis
1606 3383 2056 3449 resistentibus
2080 3382 2430 3466 adquisito,
2463 3382 2708 3446 ibidem
2740 3379 2957 3465 plures
2986 3376 3217 3463 quam*

506 3506 609 3570 bis
650 3505 829 3571 mille
863 3490 1235 3572 ceciderunt
1284 3506 1582 3590 peremti,
1617 3514 1684 3570 et
1721 3506 1956 3570 eadem
2005 3514 2217 3579 nocte,
2248 3502 2407 3568 villa
2449 3502 2536 3566 de
2574 3499 2871 3586 Crotoye
2912 3510 3114 3584 capta
3147 3510 3215 3565 et

506 3628 880 3704 incinerata,
917 3626 1203 3711 amplius
1232 3647 1433 3710 quam
1472 3625 1744 3692 trecenti
1776 3624 2184 3709 stipendiarii
2223 3623 2574 3688 Ianuenses
2598 3632 2750 3707 post
2780 3621 3214 3705 periculosam

503 3748 947 3814 resistenciam
979 3759 1359 3814 corruerunt
1388 3748 1603 3813 occisi.

678 3868 796 3934 Ad
842 3889 1186 3953 vesperum
1239 3869 1369 3934 diei
1419 3868 1692 3933 Veneris
1751 3867 2100 3950 sequentis,
2148 3886 2302 3949 rege
2352 3885 2548 3949 super
2597 3864 2751 3929 litus
2796 3864 2885 3928 de
2937 3861 3216 3927 Summe
3254 3871 3488 3949 ‘metm

505 3989 846 4067 residente,
909 3991 1088 4055 venit
1146 4010 1343 4074 super
1408 3991 1638 4074 ripam,
1697 4008 1899 4071 quam
1959 3997 2155 4053 antea
2218 3994 2664 4071 peragrarunt,
2726 3985 3070 4068 Philippus
3128 3984 3214 4049 de
3251 3953 3505 4068 3301»

504 4110 772 4178 Valesio
799 4112 1093 4177 tirannus
1132 4111 1554 4189 Francorum,
1583 4121 1650 4176 et
1689 4131 1841 4176 cum
1874 4111 2019 4195 ipso
2056 4129 2240 4192 reges
2273 4108 2542 4173 Boemie
2577 4115 2644 4172 et
2684 4105 3027 4189 Malogrie,
3055 4125 3206 4172 cum
3243 4085 3462 4187 ffiss'ffie„

803 4246 823 4280 ²
857 4247 1003 4319 fuge.
1043 4249 1109 4304 B.
1532 4245 1555 4279 ¹
1582 4247 1782 4320 plures
1803 4243 2001 4318 quam]
2028 4243 2340 4317 mxkplaced
2356 4244 2508 4316 aster
2528 4240 2782 4315 peremti.
2821 4243 2886 4297 B.

1827 4365 1885 4417 M
