4154 4895
966 298 1051 377 48
1853 299 2350 358 CHRONICON
2386 298 2796 355 GALFRIDI

618 515 929 564 masso.
971 513 1040 565 ut
1086 500 1326 577 decuit,
1372 500 1809 584 penituerunt.
1900 496 2096 563 Alias
2154 518 2387 564 causas
2429 519 2548 563 sue
2610 498 2843 563 mortis
2889 496 3096 582 wlgus
3158 519 3288 563 non
3349 498 3682 583 permittit

968 621 1225 705 operiri,
1268 642 1435 705 quas
1479 619 1883 686 consciencie
1928 617 2224 685 secreto¹
2258 630 2325 683 et
2369 619 2663 683 examini
2711 618 2958 685 Iudicis
3003 620 3209 683 eterni
3240 620 3687 685 dimittamus.

618 746 895 861 ffltiou
970 741 1424 807 Moriebantur
1467 759 1617 807 cum
1665 739 1778 805 illo
1821 737 1969 803 sui⁸
2015 738 2210 804 amici
2258 738 2492 803 Simon
2530 740 2614 803 de
2660 738 2973 804 Beret'ord
3018 739 3207 804 miles
3241 754 3308 805 et
3347 740 3687 805 Iohannes

619 876 819 929 friends.
969 862 1248 928 Deverel
1294 862 1751 937 scutiferarius,
1795 860 1930 943 qui,
1977 860 2041 924 in
2089 860 2535 925 remissionem
2581 880 2852 925 suorum
2913 871 3357 943 peccatorum,
3402 860 3688 927 libenter

967 983 1223 1049 fecisset
1254 981 1635 1067 pupplicam
1659 979 2130 1046 consessionem
2150 979 2235 1044 de
2267 991 2478 1044 morte
2508 978 2998 1044 crudelissima⁸
3025 993 3092 1045 et
3126 983 3332 1046 modo
3356 981 3684 1046 moriendi

964 1105 1173 1188 patris
1218 1103 1406 1188 regis,
1442 1103 1496 1167 si
1543 1122 1673 1166 non
1718 1121 1835 1186 per
1877 1100 2132 1166 emulos
2177 1100 2428 1165 iusticie
2472 1111 2538 1165 et
2583 1100 2877 1166 veritatis
2921 1100 3192 1167 suisset⁴
3240 1102 3367 1167 sibi
3415 1113 3686 1186 tempus

963 1226 1382 1309 denegatum.

618 1353 760 1403 Am.
776 1354 926 1402 12³1.
1146 1344 1299 1411 Hoc
1348 1365 1525 1410 anno
1572 1341 1923 1409 dominus⁸
1970 1363 2107 1417 rex,
2152 1362 2303 1407 cum
2363 1341 2680 1427 episcopo
2738 1342 3211 1427 Wyntoniensi
3273 1358 3340 1409 et
3400 1344 3685 1411 domino

616 1433 879 1550 wa
967 1462 1367 1554 W[illelmo]
1407 1468 1492 1532 de
1530 1465 1762 1530 Monte
1806 1476 2004 1530 acuto
2032 1474 2098 1528 et
2130 1462 2276 1528 aliis
2307 1465 2672 1528 admodum
2713 1466 2960 1549 paucis,
2998 1465 3466 1543 transfretavit,
3507 1468 3680 1531 sicut

614 1566 897 1683 ξὲἕω
970 1599 1308 1664 mercator,
1347 1607 1498 1652 cum
1538 1585 1841 1651 manticis
1880 1586 2133 1668 absque
2173 1584 2506 1661 hernesiis,
2537 1585 2653 1650 vix
2687 1606 2912 1651 secum
2958 1585 3214 1652 habens
3261 1608 3372 1651 xv.
3404 1588 3683 1670 equites.

967 1709 1362 1795 pretendens
1405 1729 1477 1772 se
1525 1727 1796 1791 peregre
1844 1705 2309 1790 profecturum,
2355 1706 2630 1772 domino
2678 1705 2926 1771 Ioanne
2975 1706 3315 1785 Deltham,
3359 1729 3682 1791 germano

966 1852 1106 1905 suo,
1154 1831 1426 1896 custode
1471 1829 1652 1912 regni
1702 1826 1967 1906 relict03
2030 1838 2098 1891 et
2143 1838 2299 1892 ante
2345 1825 2543 1891 finem
2592 1827 2834 1892 mensis
2877 1826 3136 1912 Aprilis
3184 1830 3398 1905 rediit,
3443 1842 3510 1893 et
3559 1828 3680 1893 suit

618 1971 841 2021 Toma-
964 1953 1143 2036 apud
1179 1951 1528 2017 Dertesord
1566 1949 1906 2033 solempne
1942 1959 2494 2013 torneamentum.
2589 1947 2678 2013 Et
2717 1969 2950 2032 parum
2984 1962 3139 2014 ante
3177 1949 3418 2015 festum
3466 1952 3680 2015 sancti

620 2045 857 2154 mot}
968 2071 1310 2138 meluens
1344 2071 1707 2136 Londoniis
1738 2070 1801 2134 in
1837 2069 2065 2153 Chepe
2096 2068 2532 2153 pulcherrima
2563 2068 2916 2134 hastiludia
2946 2070 3225 2147 suerunt,
3263 2072 3375 2135 ubi
3407 2073 3678 2137 domim

617 2233 846 2287 London.
968 2195 1192 2278 regina
1253 2192 1558 2277 Philippa
1617 2212 1767 2257 cum
1830 2211 2071 2274 magna
2132 2190 2546 2255 dominarum
2607 2190 2919 2255 comitiva
2977 2192 3064 2257 de
3122 2194 3443 2267 tentoriis,
3504 2196 3680 2259 unde

619 2324 863 2442 afficient
968 2314 1286 2379 militares
1342 2326 1530 2379 actus
1588 2312 2098 2396 specularentur,
2157 2311 2413 2375 noviter
2470 2310 2812 2389 edificatis,
2871 2311 3266 2387 ceciderunt,
3327 2326 3428 2378 set
3474 2314 3676 2379 illese.

620 2471 791 2524 quem.
971 2434 1437 2521 carpentarios
1481 2435 1755 2519 proinde
1805 2433 2018 2518 puniri
2076 2452 2207 2498 non
2264 2433 2558 2517 permisit
2618 2431 2732 2497 illa
2785 2433 3080 2518 piissima
3137 2434 3386 2518 regina,
3433 2449 3534 2500 set
3589 2436 3680 2502 ab

970 2558 1305 2623 iracundia
1336 2575 1555 2640 regem
1586 2568 1653 2620 et
1684 2555 1934 2620 amicos
1965 2555 2137 2638 regis
2168 2554 2470 2638 precibus
2499 2565 2564 2617 et
2595 2552 3170 2637 genuflexionibus
3200 2556 3292 2620 ita
3327 2559 3678 2630 revocavit,

969 2680 1153 2763 quod
1186 2679 1251 2743 in
1282 2678 1383 2743 sui
1413 2697 1709 2743 amorem
1742 2696 1973 2741 omnm
2003 2676 2144 2740 eius
2181 2676 2496 2760 pietatem
2528 2674 3021 2741 considerantes
3053 2677 3276 2760 regina
3311 2678 3678 2743 misericors

971 2800 1346 2866 concitavit.

622 2938 935 3005 Pap-lma
1150 2921 1299 2986 Hoc
1357 2940 1534 2986 anno
1585 2919 1895 2985 dominus
1952 2941 2129 3004 papa
2194 2913 2584 3006 1[ohannoe]
2637 2934 2737 2996 22,
2781 2938 2959 2984 anno
3018 2919 3118 2982 sui
3181 2939 3312 2994 xv„
3356 2922 3675 2986 concessit

621 3004 895 3138 march
973 3042 1107 3126 regi
1145 3042 1435 3107 decimas
1471 3052 1907 3125 proventuum
1942 3039 2213 3106 ecclesie
2249 3037 2622 3122 Anglicane
2667 3060 2790 3123 pro
2824 3039 3276 3122 quadrienniO,
3323 3041 3678 3106 medietate

973 3163 1099 3228 sibi
1146 3173 1418 3227 retenta.

626 3282 936 3402 ffiomw
1152 3282 1305 3348 Hoc
1348 3304 1541 3360 anno,
1585 3282 1835 3349 scilicet
1892 3301 1915 3345 ι
1927 3300 2074 3368 330,
2122 3281 2294 3365 regis
2337 3302 2494 3347 vero
2537 3299 2600 3358 4,
2647 3281 2757 3346 die
2809 3301 2921 3346 xv.
2971 3282 3216 3347 mensis
3265 3282 3454 3356 Iunii,
3499 3285 3676 3368 apud

624 3417 812 3474 Prinoe,
972 3403 1343 3469 Wodestok
1375 3414 1569 3469 natus
1598 3403 1746 3469 est⁸
1776 3404 1993 3488 primo
2025 3403 2161 3487 regi
2198 3402 2400 3467 suus⁷
2436 3401 2931 3486 primogenitus,
2962 3403 3277 3467 dominus
3311 3403 3678 3468 Edu-ardus

626 3483 841 3614 3323?
971 3526 1056 3591 de
1080 3523 1468 3602 Wodestok‚
1497 3525 1680 3590 cuius
1711 3523 1940 3589 laudes
1969 3535 2035 3588 et
2070 3522 2458 3607 magnificos
2485 3523 2874 3607 triumphos,
2908 3543 3076 3606 quos
3109 3524 3172 3587 in
3201 3537 3476 3608 captura
3509 3527 3676 3610 regis

974 3646 1377 3711 Francorum
1423 3645 1673 3720 habuit,
1717 3657 1781 3709 et
1828 3645 1995 3710 alios
2040 3645 2174 3709 suis
2225 3643 2386 3709 locis
2439 3644 2806 3711 describere
2862 3645 3086 3709 divina
3144 3644 3497 3710 clemencia
3557 3667 3678 3710 nos

974 3764 1337 3849 permittat.

1148 3883 1354 3949 Anno
1379 3882 1652 3949 Domini
1676 3882 2134 3966 u.ccc.xxxj.,
2154 3882 2310 3947 dicti
2327 3883 2352 3922 ὅ
2377 3877 2753 3970 1[ohannis]
2781 3903 2954 3967 pape
2975 3880 3132 3966 xvj..
3159 3880 3472 3948 Ednrdi
3497 3887 3676 3950 tercii

1120 4066 1137 4098 ¹
1176 4068 1395 4124 secreti.
1433 4067 1497 4123 C.
2100 4064 2123 4098 ²
2160 4083 2277 4123 sue.
2317 4067 2382 4121 B.
2923 4062 2947 4097 ⁸
2982 4063 3388 4121 mdeliaimo.
3415 4065 3480 4122 Β.
3507 4066 3571 4123 Ε.

1118 4156 1141 4186 “
1177 4156 1433 4211 fuissent.
1474 4157 1537 4210 Β.
2102 4151 2127 4186 ⁸
2162 4172 2269 4209 ont.
2310 4155 2374 4209 C.
2928 4151 2951 4184 ⁸
2987 4152 3294 4224 natusest]
3322 4171 3428 4208 σοι.
3471 4154 3536 4208 Β.

1120 4239 1142 4272 ’
1173 4248 1265 4315 pr.
1292 4261 1405 4314 ng.
1432 4240 1593 4314 runs]
1617 4261 1723 4298 om.
1766 4245 1825 4298 B.
