<?xml version="1.0" encoding="UTF-8"?>
<!DOCTYPE html PUBLIC "-//W3C//DTD XHTML 1.0 Transitional//EN"
    "http://www.w3.org/TR/xhtml1/DTD/xhtml1-transitional.dtd">
<html xmlns="http://www.w3.org/1999/xhtml" xml:lang="en" lang="en">
 <head>
  <title>
</title>
<meta http-equiv="Content-Type" content="text/html;charset=utf-8" />
  <meta name='ocr-system' content='tesseract 3.04.00' />
  <meta name='ocr-capabilities' content='ocr_page ocr_carea ocr_par ocr_line ocrx_word'/>
</head>
<body>
  <div class='ocr_page' id='page_1' title='image "./chronicongalfri01thomgoog_0126.png"; bbox 0 0 4154 4895; ppageno 0'>
   <div class='ocr_carea' id='block_1_1' title="bbox 924 209 2745 290">
    <p class='ocr_par' dir='ltr' id='par_1_1' title="bbox 924 209 2745 290">
     <span class='ocr_line' id='line_1_1' title="bbox 924 209 2745 290; baseline -0.001 -23"><span class='ocrx_word' id='word_1_1' title='bbox 924 224 1009 290; x_wconf 88' lang='lat'>94</span> <span class='ocrx_word' id='word_1_2' title='bbox 1798 211 2292 267; x_wconf 79' lang='lat' dir='ltr'><em>CHRONICON</em></span> <span class='ocrx_word' id='word_1_3' title='bbox 2332 209 2745 266; x_wconf 56' lang='lat' dir='ltr'>6211.me</span> 
     </span>
    </p>
   </div>
   <div class='ocr_carea' id='block_1_2' title="bbox 566 409 3636 599">
    <p class='ocr_par' dir='ltr' id='par_1_2' title="bbox 566 409 3636 599">
     <span class='ocr_line' id='line_1_2' title="bbox 566 409 3636 494; baseline 0.001 -19"><span class='ocrx_word' id='word_1_4' title='bbox 566 424 877 476; x_wconf 65' lang='lat' dir='ltr'>Antan.</span> <span class='ocrx_word' id='word_1_5' title='bbox 917 422 983 477; x_wconf 90' lang='lat' dir='ltr'>et</span> <span class='ocrx_word' id='word_1_6' title='bbox 1036 409 1492 477; x_wconf 88' lang='lat' dir='ltr'>convencionis</span> <span class='ocrx_word' id='word_1_7' title='bbox 1538 410 1779 493; x_wconf 85' lang='lat' dir='ltr'>quibus</span> <span class='ocrx_word' id='word_1_8' title='bbox 1823 410 1959 493; x_wconf 89' lang='lat' dir='ltr'>regi</span> <span class='ocrx_word' id='word_1_9' title='bbox 2014 410 2265 494; x_wconf 87' lang='lat' dir='ltr'>Anglie</span> <span class='ocrx_word' id='word_1_10' title='bbox 2314 430 2386 475; x_wconf 88' lang='lat' dir='ltr'>se</span> <span class='ocrx_word' id='word_1_11' title='bbox 2430 410 2893 487; x_wconf 89' lang='lat' dir='ltr'>submiserunt,</span> <span class='ocrx_word' id='word_1_12' title='bbox 2932 422 3032 475; x_wconf 88' lang='lat' dir='ltr'>set</span> <span class='ocrx_word' id='word_1_13' title='bbox 3087 430 3205 477; x_wconf 89' lang='lat' dir='ltr'>nec</span> <span class='ocrx_word' id='word_1_14' title='bbox 3264 432 3415 477; x_wconf 89' lang='lat' dir='ltr'>cum</span> <span class='ocrx_word' id='word_1_15' title='bbox 3460 412 3636 479; x_wconf 79' lang='lat' dir='ltr'>alico</span> 
     </span>
     <span class='ocr_line' id='line_1_3' title="bbox 622 514 1977 599; baseline -0.001 -17"><span class='ocrx_word' id='word_1_16' title='bbox 622 516 822 528; x_wconf 81' lang='lat'>—</span> <span class='ocrx_word' id='word_1_17' title='bbox 917 516 1050 582; x_wconf 92' lang='lat' dir='ltr'>alio</span> <span class='ocrx_word' id='word_1_18' title='bbox 1083 514 1218 599; x_wconf 87' lang='lat' dir='ltr'>regi</span> <span class='ocrx_word' id='word_1_19' title='bbox 1257 514 1506 599; x_wconf 79' lang='lat' dir='ltr'>Anglie</span> <span class='ocrx_word' id='word_1_20' title='bbox 1535 514 1977 581; x_wconf 74' lang='lat' dir='ltr'>consederam.</span> 
     </span>
    </p>
   </div>
   <div class='ocr_carea' id='block_1_3' title="bbox 616 2394 824 2449">
    <p class='ocr_par' dir='ltr' id='par_1_3' title="bbox 616 2394 824 2449">
     <span class='ocr_line' id='line_1_4' title="bbox 616 2394 824 2449; baseline 0 -1"><span class='ocrx_word' id='word_1_21' title='bbox 616 2399 655 2447; x_wconf 72' lang='lat' dir='ltr'>l.</span> <span class='ocrx_word' id='word_1_22' title='bbox 678 2394 824 2449; x_wconf 70' lang='lat'>18³⁸.</span> 
     </span>
    </p>
   </div>
   <div class='ocr_carea' id='block_1_4' title="bbox 913 618 3635 4142">
    <p class='ocr_par' dir='ltr' id='par_1_4' title="bbox 915 618 3635 895">
     <span class='ocr_line' id='line_1_5' title="bbox 1091 618 3634 704; baseline 0.001 -21"><span class='ocrx_word' id='word_1_23' title='bbox 1091 620 1323 696; x_wconf 87' lang='lat' dir='ltr'>‘Item,</span> <span class='ocrx_word' id='word_1_24' title='bbox 1379 640 1467 683; x_wconf 83' lang='lat' dir='ltr'>ex</span> <span class='ocrx_word' id='word_1_25' title='bbox 1529 631 1716 704; x_wconf 88' lang='lat' dir='ltr'>parte</span> <span class='ocrx_word' id='word_1_26' title='bbox 1776 620 1946 702; x_wconf 83' lang='lat' dir='ltr'>regis</span> <span class='ocrx_word' id='word_1_27' title='bbox 2007 618 2255 701; x_wconf 80' lang='lat' dir='ltr'>Anglie</span> <span class='ocrx_word' id='word_1_28' title='bbox 2313 618 2435 683; x_wconf 90' lang='lat' dir='ltr'>erit</span> <span class='ocrx_word' id='word_1_29' title='bbox 2498 618 2844 702; x_wconf 81' lang='lat' dir='ltr'>proximus</span> <span class='ocrx_word' id='word_1_30' title='bbox 2906 620 3260 703; x_wconf 78' lang='lat' dir='ltr'>precedens</span> <span class='ocrx_word' id='word_1_31' title='bbox 3319 621 3634 687; x_wconf 74' lang='lat' dir='ltr'>articulus</span> 
     </span>
     <span class='ocr_line' id='line_1_6' title="bbox 915 722 3635 808; baseline 0 -17"><span class='ocrx_word' id='word_1_32' title='bbox 915 725 1320 801; x_wconf 83' lang='lat' dir='ltr'>observatus,</span> <span class='ocrx_word' id='word_1_33' title='bbox 1369 726 1593 808; x_wconf 88' lang='lat' dir='ltr'>quoad</span> <span class='ocrx_word' id='word_1_34' title='bbox 1644 744 1875 788; x_wconf 88' lang='lat' dir='ltr'>omnes</span> <span class='ocrx_word' id='word_1_35' title='bbox 1926 724 2178 789; x_wconf 91' lang='lat' dir='ltr'>amicos</span> <span class='ocrx_word' id='word_1_36' title='bbox 2231 724 2402 806; x_wconf 87' lang='lat' dir='ltr'>regis</span> <span class='ocrx_word' id='word_1_37' title='bbox 2455 722 2510 787; x_wconf 88' lang='lat' dir='ltr'>F</span> <span class='ocrx_word' id='word_1_38' title='bbox 2513 722 2729 788; x_wconf 87' lang='lat' dir='ltr'>rancie</span> <span class='ocrx_word' id='word_1_39' title='bbox 2786 744 2900 788; x_wconf 88' lang='lat' dir='ltr'>scu</span> <span class='ocrx_word' id='word_1_40' title='bbox 2955 723 3079 788; x_wconf 82' lang='lat' dir='ltr'>sibi</span> <span class='ocrx_word' id='word_1_41' title='bbox 3140 726 3374 808; x_wconf 84' lang='lat' dir='ltr'>quovis</span> <span class='ocrx_word' id='word_1_42' title='bbox 3427 728 3635 791; x_wconf 89' lang='lat' dir='ltr'>modo</span> 
     </span>
     <span class='ocr_line' id='line_1_7' title="bbox 916 828 1394 895; baseline -0.004 0"><span class='ocrx_word' id='word_1_43' title='bbox 916 828 1394 895; x_wconf 81' lang='lat' dir='ltr'>consederatos.</span> 
     </span>
    </p>

    <p class='ocr_par' dir='ltr' id='par_1_5' title="bbox 916 930 3630 1122">
     <span class='ocr_line' id='line_1_8' title="bbox 1094 930 3630 1018; baseline 0.001 -21"><span class='ocrx_word' id='word_1_44' title='bbox 1094 933 1325 1011; x_wconf 89' lang='lat' dir='ltr'>‘Item,</span> <span class='ocrx_word' id='word_1_45' title='bbox 1374 933 1557 1017; x_wconf 91' lang='lat' dir='ltr'>quod</span> <span class='ocrx_word' id='word_1_46' title='bbox 1602 932 1779 997; x_wconf 89' lang='lat' dir='ltr'>nulla</span> <span class='ocrx_word' id='word_1_47' title='bbox 1823 931 2084 997; x_wconf 84' lang='lat' dir='ltr'>novitas</span> <span class='ocrx_word' id='word_1_48' title='bbox 2127 951 2246 998; x_wconf 84' lang='lat' dir='ltr'>nec</span> <span class='ocrx_word' id='word_1_49' title='bbox 2290 931 2460 997; x_wconf 88' lang='lat' dir='ltr'>alica</span> <span class='ocrx_word' id='word_1_50' title='bbox 2510 930 2684 996; x_wconf 93' lang='lat' dir='ltr'>mala</span> <span class='ocrx_word' id='word_1_51' title='bbox 2734 932 3152 1018; x_wconf 77' lang='lat' dir='ltr'><strong>presumpcio</strong></span> <span class='ocrx_word' id='word_1_52' title='bbox 3195 933 3279 997; x_wconf 89' lang='lat' dir='ltr'>sit</span> <span class='ocrx_word' id='word_1_53' title='bbox 3325 932 3498 1000; x_wconf 81' lang='lat' dir='ltr'>sacta</span> <span class='ocrx_word' id='word_1_54' title='bbox 3540 955 3630 999; x_wconf 77' lang='lat' dir='ltr'>ex</span> 
     </span>
     <span class='ocr_line' id='line_1_9' title="bbox 916 1036 2229 1122; baseline -0.002 -20"><span class='ocrx_word' id='word_1_55' title='bbox 916 1036 1230 1102; x_wconf 87' lang='lat' dir='ltr'>alterutra</span> <span class='ocrx_word' id='word_1_56' title='bbox 1274 1048 1482 1122; x_wconf 78' lang='lat' dir='ltr'>parte,</span> <span class='ocrx_word' id='word_1_57' title='bbox 1526 1037 1919 1103; x_wconf 80' lang='lat' dir='ltr'>durantibus</span> <span class='ocrx_word' id='word_1_58' title='bbox 1964 1036 2229 1117; x_wconf 85' lang='lat' dir='ltr'>treugis.</span> 
     </span>
    </p>

    <p class='ocr_par' dir='ltr' id='par_1_6' title="bbox 918 1139 3630 1435">
     <span class='ocr_line' id='line_1_10' title="bbox 1089 1139 3628 1226; baseline 0.001 -21"><span class='ocrx_word' id='word_1_59' title='bbox 1089 1142 1317 1217; x_wconf 86' lang='lat' dir='ltr'>‘Item,</span> <span class='ocrx_word' id='word_1_60' title='bbox 1354 1143 1535 1225; x_wconf 90' lang='lat' dir='ltr'>quod</span> <span class='ocrx_word' id='word_1_61' title='bbox 1584 1141 1834 1205; x_wconf 89' lang='lat' dir='ltr'>banniti</span> <span class='ocrx_word' id='word_1_62' title='bbox 1881 1152 1946 1205; x_wconf 88' lang='lat' dir='ltr'>et</span> <span class='ocrx_word' id='word_1_63' title='bbox 1994 1139 2249 1223; x_wconf 78' lang='lat' dir='ltr'>fugitivi</span> <span class='ocrx_word' id='word_1_64' title='bbox 2290 1160 2332 1205; x_wconf 89' lang='lat' dir='ltr'>a</span> <span class='ocrx_word' id='word_1_65' title='bbox 2365 1139 2675 1205; x_wconf 84' lang='lat' dir='ltr'>Flandria</span> <span class='ocrx_word' id='word_1_66' title='bbox 2711 1150 2777 1204; x_wconf 93' lang='lat' dir='ltr'>et</span> <span class='ocrx_word' id='word_1_67' title='bbox 2825 1140 3038 1224; x_wconf 87' lang='lat' dir='ltr'>patria</span> <span class='ocrx_word' id='word_1_68' title='bbox 3070 1142 3154 1206; x_wconf 89' lang='lat' dir='ltr'>de</span> <span class='ocrx_word' id='word_1_69' title='bbox 3191 1140 3478 1217; x_wconf 83' lang='lat' dir='ltr'>Labene,</span> <span class='ocrx_word' id='word_1_70' title='bbox 3512 1144 3628 1226; x_wconf 91' lang='lat' dir='ltr'>qui</span> 
     </span>
     <span class='ocr_line' id='line_1_11' title="bbox 918 1243 3630 1329; baseline 0 -19"><span class='ocrx_word' id='word_1_71' title='bbox 918 1245 1053 1329; x_wconf 87' lang='lat' dir='ltr'>regi</span> <span class='ocrx_word' id='word_1_72' title='bbox 1088 1245 1362 1312; x_wconf 82' lang='lat' dir='ltr'>Francie</span> <span class='ocrx_word' id='word_1_73' title='bbox 1392 1247 1761 1321; x_wconf 86' lang='lat' dir='ltr'>adeserunt,</span> <span class='ocrx_word' id='word_1_74' title='bbox 1800 1245 2174 1310; x_wconf 88' lang='lat' dir='ltr'>abstineant</span> <span class='ocrx_word' id='word_1_75' title='bbox 2203 1244 2292 1308; x_wconf 88' lang='lat' dir='ltr'>ab</span> <span class='ocrx_word' id='word_1_76' title='bbox 2324 1243 2615 1327; x_wconf 86' lang='lat' dir='ltr'>ingressu</span> <span class='ocrx_word' id='word_1_77' title='bbox 2647 1245 3090 1327; x_wconf 88' lang='lat' dir='ltr'>predictarum</span> <span class='ocrx_word' id='word_1_78' title='bbox 3131 1258 3469 1321; x_wconf 88' lang='lat' dir='ltr'>terrarum,</span> <span class='ocrx_word' id='word_1_79' title='bbox 3505 1249 3630 1311; x_wconf 88' lang='lat' dir='ltr'>sub</span> 
     </span>
     <span class='ocr_line' id='line_1_12' title="bbox 918 1347 3048 1435; baseline -0.001 -21"><span class='ocrx_word' id='word_1_80' title='bbox 918 1350 1208 1435; x_wconf 89' lang='lat' dir='ltr'>periculo</span> <span class='ocrx_word' id='word_1_81' title='bbox 1246 1370 1562 1434; x_wconf 91' lang='lat' dir='ltr'>penarum</span> <span class='ocrx_word' id='word_1_82' title='bbox 1595 1349 1839 1414; x_wconf 86' lang='lat' dir='ltr'>talibus</span> <span class='ocrx_word' id='word_1_83' title='bbox 1869 1348 2461 1431; x_wconf 77' lang='lat' dir='ltr'>transgressoribus</span> <span class='ocrx_word' id='word_1_84' title='bbox 2493 1347 2993 1431; x_wconf 82' lang='lat' dir='ltr'>infligendamm</span> <span class='ocrx_word' id='word_1_85' title='bbox 3011 1348 3048 1411; x_wconf 88' lang='lat'>¹.</span> 
     </span>
    </p>

    <p class='ocr_par' dir='ltr' id='par_1_7' title="bbox 914 1452 3628 1641">
     <span class='ocr_line' id='line_1_13' title="bbox 1091 1452 3628 1535; baseline 0.002 -18"><span class='ocrx_word' id='word_1_86' title='bbox 1091 1454 1314 1530; x_wconf 88' lang='lat' dir='ltr'>‘Item‚</span> <span class='ocrx_word' id='word_1_87' title='bbox 1352 1454 1568 1519; x_wconf 89' lang='lat' dir='ltr'>nullus</span> <span class='ocrx_word' id='word_1_88' title='bbox 1597 1454 1910 1519; x_wconf 86' lang='lat' dir='ltr'>obediens</span> <span class='ocrx_word' id='word_1_89' title='bbox 1940 1452 2129 1518; x_wconf 88' lang='lat' dir='ltr'>alteri</span> <span class='ocrx_word' id='word_1_90' title='bbox 2166 1455 2450 1517; x_wconf 90' lang='lat' dir='ltr'>duorum</span> <span class='ocrx_word' id='word_1_91' title='bbox 2484 1472 2712 1535; x_wconf 87' lang='lat' dir='ltr'>regum</span> <span class='ocrx_word' id='word_1_92' title='bbox 2745 1452 3054 1518; x_wconf 82' lang='lat' dir='ltr'>deveniat</span> <span class='ocrx_word' id='word_1_93' title='bbox 3086 1454 3408 1520; x_wconf 84' lang='lat' dir='ltr'>obediens</span> <span class='ocrx_word' id='word_1_94' title='bbox 3436 1456 3628 1521; x_wconf 85' lang='lat' dir='ltr'>alteri</span> 
     </span>
     <span class='ocr_line' id='line_1_14' title="bbox 914 1555 3388 1641; baseline -0.001 -17"><span class='ocrx_word' id='word_1_95' title='bbox 914 1578 1164 1634; x_wconf 85' lang='lat' dir='ltr'>eorum,</span> <span class='ocrx_word' id='word_1_96' title='bbox 1193 1558 1297 1623; x_wconf 93' lang='lat' dir='ltr'>cui</span> <span class='ocrx_word' id='word_1_97' title='bbox 1335 1579 1465 1637; x_wconf 78' lang='lat' dir='ltr'>non</span> <span class='ocrx_word' id='word_1_98' title='bbox 1502 1558 1856 1622; x_wconf 82' lang='lat' dir='ltr'>obediebat</span> <span class='ocrx_word' id='word_1_99' title='bbox 1891 1558 1955 1621; x_wconf 94' lang='lat' dir='ltr'>in</span> <span class='ocrx_word' id='word_1_100' title='bbox 1988 1567 2288 1641; x_wconf 90' lang='lat' dir='ltr'>tempore</span> <span class='ocrx_word' id='word_1_101' title='bbox 2316 1555 2649 1641; x_wconf 89' lang='lat' dir='ltr'>capcionis</span> <span class='ocrx_word' id='word_1_102' title='bbox 2683 1556 2954 1621; x_wconf 87' lang='lat' dir='ltr'>istarum</span> <span class='ocrx_word' id='word_1_103' title='bbox 2988 1567 3388 1641; x_wconf 81' lang='lat' dir='ltr'>treugarum.</span> 
     </span>
    </p>

    <p class='ocr_par' dir='ltr' id='par_1_8' title="bbox 913 1660 3630 2057">
     <span class='ocr_line' id='line_1_15' title="bbox 1089 1660 3630 1745; baseline 0 -20"><span class='ocrx_word' id='word_1_104' title='bbox 1089 1662 1319 1739; x_wconf 87' lang='lat' dir='ltr'>‘Item‚</span> <span class='ocrx_word' id='word_1_105' title='bbox 1363 1662 1543 1745; x_wconf 92' lang='lat' dir='ltr'>quod</span> <span class='ocrx_word' id='word_1_106' title='bbox 1591 1662 1808 1726; x_wconf 91' lang='lat' dir='ltr'>nullus</span> <span class='ocrx_word' id='word_1_107' title='bbox 1859 1660 2158 1726; x_wconf 90' lang='lat' dir='ltr'>alterutri</span> <span class='ocrx_word' id='word_1_108' title='bbox 2207 1680 2436 1743; x_wconf 86' lang='lat' dir='ltr'>regum</span> <span class='ocrx_word' id='word_1_109' title='bbox 2483 1660 2818 1726; x_wconf 89' lang='lat' dir='ltr'>subiectus</span> <span class='ocrx_word' id='word_1_110' title='bbox 2861 1674 3092 1726; x_wconf 93' lang='lat' dir='ltr'>contra</span> <span class='ocrx_word' id='word_1_111' title='bbox 3138 1662 3409 1727; x_wconf 85' lang='lat' dir='ltr'>alterius</span> <span class='ocrx_word' id='word_1_112' title='bbox 3456 1666 3630 1745; x_wconf 76' lang='lat' dir='ltr'>regis</span> 
     </span>
     <span class='ocr_line' id='line_1_16' title="bbox 915 1763 3629 1849; baseline 0.001 -21"><span class='ocrx_word' id='word_1_113' title='bbox 915 1763 1283 1830; x_wconf 90' lang='lat' dir='ltr'>subiectum</span> <span class='ocrx_word' id='word_1_114' title='bbox 1332 1776 1595 1831; x_wconf 88' lang='lat' dir='ltr'>moveat</span> <span class='ocrx_word' id='word_1_115' title='bbox 1637 1787 1981 1849; x_wconf 79' lang='lat' dir='ltr'>guerram3</span> <span class='ocrx_word' id='word_1_116' title='bbox 2041 1776 2142 1829; x_wconf 89' lang='lat' dir='ltr'>set</span> <span class='ocrx_word' id='word_1_117' title='bbox 2189 1777 2465 1847; x_wconf 87' lang='lat' dir='ltr'>uterque</span> <span class='ocrx_word' id='word_1_118' title='bbox 2511 1783 2738 1847; x_wconf 89' lang='lat' dir='ltr'>regum</span> <span class='ocrx_word' id='word_1_119' title='bbox 2784 1786 2940 1828; x_wconf 89' lang='lat' dir='ltr'>suos</span> <span class='ocrx_word' id='word_1_120' title='bbox 2983 1766 3285 1831; x_wconf 79' lang='lat' dir='ltr'>subditos</span> <span class='ocrx_word' id='word_1_121' title='bbox 3329 1780 3629 1832; x_wconf 68' lang='lat' dir='ltr'>teneatur</span> 
     </span>
     <span class='ocr_line' id='line_1_17' title="bbox 913 1868 3630 1954; baseline 0.002 -21"><span class='ocrx_word' id='word_1_122' title='bbox 913 1880 1148 1945; x_wconf 86' lang='lat' dir='ltr'>artare,</span> <span class='ocrx_word' id='word_1_123' title='bbox 1205 1890 1288 1935; x_wconf 88' lang='grc'>110</span> <span class='ocrx_word' id='word_1_124' title='bbox 1351 1869 1727 1934; x_wconf 87' lang='lat' dir='ltr'>huiusmodi</span> <span class='ocrx_word' id='word_1_125' title='bbox 1788 1890 2092 1953; x_wconf 88' lang='lat' dir='ltr'>guerram</span> <span class='ocrx_word' id='word_1_126' title='bbox 2153 1869 2392 1952; x_wconf 87' lang='lat' dir='ltr'>aliquis</span> <span class='ocrx_word' id='word_1_127' title='bbox 2452 1868 2711 1933; x_wconf 91' lang='lat' dir='ltr'>illorum</span> <span class='ocrx_word' id='word_1_128' title='bbox 2774 1890 2897 1953; x_wconf 91' lang='lat' dir='ltr'>pro</span> <span class='ocrx_word' id='word_1_129' title='bbox 2954 1889 3372 1954; x_wconf 88' lang='lat' dir='ltr'>quacumque</span> <span class='ocrx_word' id='word_1_130' title='bbox 3427 1894 3630 1938; x_wconf 78' lang='lat' dir='ltr'>causa</span> 
     </span>
     <span class='ocr_line' id='line_1_18' title="bbox 914 1973 1627 2057; baseline -0.003 -20"><span class='ocrx_word' id='word_1_131' title='bbox 914 1973 1236 2039; x_wconf 87' lang='lat' dir='ltr'>suscitare</span> <span class='ocrx_word' id='word_1_132' title='bbox 1267 1985 1627 2057; x_wconf 86' lang='lat' dir='ltr'>presumat.</span> 
     </span>
    </p>

    <p class='ocr_par' dir='ltr' id='par_1_9' title="bbox 914 2076 3628 3306">
     <span class='ocr_line' id='line_1_19' title="bbox 1089 2076 3628 2161; baseline 0.001 -21"><span class='ocrx_word' id='word_1_133' title='bbox 1089 2077 1319 2153; x_wconf 88' lang='lat' dir='ltr'>‘Item,</span> <span class='ocrx_word' id='word_1_134' title='bbox 1362 2079 1542 2161; x_wconf 90' lang='lat' dir='ltr'>quod</span> <span class='ocrx_word' id='word_1_135' title='bbox 1604 2097 1833 2141; x_wconf 90' lang='lat' dir='ltr'>omnes</span> <span class='ocrx_word' id='word_1_136' title='bbox 1893 2088 2306 2151; x_wconf 85' lang='lat' dir='ltr'>mercatores,</span> <span class='ocrx_word' id='word_1_137' title='bbox 2350 2076 2559 2141; x_wconf 90' lang='lat' dir='ltr'>eciam</span> <span class='ocrx_word' id='word_1_138' title='bbox 2605 2096 2834 2140; x_wconf 88' lang='lat' dir='ltr'>omnes</span> <span class='ocrx_word' id='word_1_139' title='bbox 2879 2076 3145 2153; x_wconf 89' lang='lat' dir='ltr'>subditi,</span> <span class='ocrx_word' id='word_1_140' title='bbox 3189 2079 3628 2153; x_wconf 72' lang='lat' dir='ltr'>coadiutores,</span> 
     </span>
     <span class='ocr_line' id='line_1_20' title="bbox 914 2179 3624 2266; baseline 0.001 -22"><span class='ocrx_word' id='word_1_141' title='bbox 914 2180 1160 2258; x_wconf 83' lang='lat' dir='ltr'>affines,</span> <span class='ocrx_word' id='word_1_142' title='bbox 1218 2202 1332 2245; x_wconf 88' lang='lat' dir='ltr'>seu</span> <span class='ocrx_word' id='word_1_143' title='bbox 1397 2183 2022 2266; x_wconf 88' lang='lat' dir='ltr'>quomodocumque</span> <span class='ocrx_word' id='word_1_144' title='bbox 2081 2182 2480 2265; x_wconf 82' lang='lat' dir='ltr'>pertinentes</span> <span class='ocrx_word' id='word_1_145' title='bbox 2541 2181 2649 2244; x_wconf 92' lang='lat' dir='ltr'>uni</span> <span class='ocrx_word' id='word_1_146' title='bbox 2719 2179 2889 2264; x_wconf 88' lang='lat' dir='ltr'>parti</span> <span class='ocrx_word' id='word_1_147' title='bbox 2949 2181 3051 2244; x_wconf 86' lang='lat' dir='ltr'>vel</span> <span class='ocrx_word' id='word_1_148' title='bbox 3104 2181 3292 2247; x_wconf 91' lang='lat' dir='ltr'>alteri</span> <span class='ocrx_word' id='word_1_149' title='bbox 3341 2186 3624 2248; x_wconf 92' lang='lat' dir='ltr'>duorum</span> 
     </span>
     <span class='ocr_line' id='line_1_21' title="bbox 919 2283 3624 2369; baseline 0.001 -20"><span class='ocrx_word' id='word_1_150' title='bbox 919 2306 1169 2368; x_wconf 88' lang='lat' dir='ltr'>regum,</span> <span class='ocrx_word' id='word_1_151' title='bbox 1233 2296 1299 2350; x_wconf 89' lang='lat' dir='ltr'>et</span> <span class='ocrx_word' id='word_1_152' title='bbox 1374 2286 1742 2369; x_wconf 84' lang='lat' dir='ltr'>specialiter</span> <span class='ocrx_word' id='word_1_153' title='bbox 1800 2286 2119 2349; x_wconf 91' lang='lat' dir='ltr'>nominati</span> <span class='ocrx_word' id='word_1_154' title='bbox 2183 2284 2450 2367; x_wconf 79' lang='lat' dir='ltr'>Anglici</span> <span class='ocrx_word' id='word_1_155' title='bbox 2511 2296 2580 2349; x_wconf 90' lang='lat' dir='ltr'>et</span> <span class='ocrx_word' id='word_1_156' title='bbox 2658 2283 3108 2357; x_wconf 86' lang='lat' dir='ltr'>Flandrenses,</span> <span class='ocrx_word' id='word_1_157' title='bbox 3171 2307 3323 2352; x_wconf 92' lang='lat' dir='ltr'>cum</span> <span class='ocrx_word' id='word_1_158' title='bbox 3394 2308 3624 2351; x_wconf 89' lang='lat' dir='ltr'>eorum</span> 
     </span>
     <span class='ocr_line' id='line_1_22' title="bbox 921 2388 3626 2476; baseline 0.001 -22"><span class='ocrx_word' id='word_1_159' title='bbox 921 2388 1376 2466; x_wconf 88' lang='lat' dir='ltr'>mercimoniis,</span> <span class='ocrx_word' id='word_1_160' title='bbox 1399 2400 1538 2455; x_wconf 85' lang='lat' dir='ltr'>tam</span> <span class='ocrx_word' id='word_1_161' title='bbox 1565 2410 1681 2475; x_wconf 89' lang='lat' dir='ltr'>per</span> <span class='ocrx_word' id='word_1_162' title='bbox 1718 2410 1898 2455; x_wconf 89' lang='lat' dir='ltr'>mare</span> <span class='ocrx_word' id='word_1_163' title='bbox 1927 2409 2128 2473; x_wconf 90' lang='lat' dir='ltr'>quam</span> <span class='ocrx_word' id='word_1_164' title='bbox 2174 2411 2288 2475; x_wconf 89' lang='lat' dir='ltr'>per</span> <span class='ocrx_word' id='word_1_165' title='bbox 2320 2401 2580 2462; x_wconf 89' lang='lat' dir='ltr'>terram,</span> <span class='ocrx_word' id='word_1_166' title='bbox 2610 2410 2723 2453; x_wconf 86' lang='lat' dir='ltr'>scu</span> <span class='ocrx_word' id='word_1_167' title='bbox 2768 2400 2972 2453; x_wconf 91' lang='lat' dir='ltr'>terras</span> <span class='ocrx_word' id='word_1_168' title='bbox 3015 2402 3082 2454; x_wconf 88' lang='lat' dir='ltr'>et</span> <span class='ocrx_word' id='word_1_169' title='bbox 3115 2391 3340 2464; x_wconf 76' lang='lat' dir='ltr'>maria,</span> <span class='ocrx_word' id='word_1_170' title='bbox 3373 2396 3626 2476; x_wconf 65' lang='lat' dir='ltr'>possint</span> 
     </span>
     <span class='ocr_line' id='line_1_23' title="bbox 920 2493 3628 2579; baseline 0 -19"><span class='ocrx_word' id='word_1_171' title='bbox 920 2495 1121 2560; x_wconf 89' lang='lat' dir='ltr'>libere</span> <span class='ocrx_word' id='word_1_172' title='bbox 1163 2507 1230 2560; x_wconf 89' lang='lat' dir='ltr'>et</span> <span class='ocrx_word' id='word_1_173' title='bbox 1276 2495 1414 2558; x_wconf 90' lang='lat' dir='ltr'>sine</span> <span class='ocrx_word' id='word_1_174' title='bbox 1453 2495 1746 2577; x_wconf 89' lang='lat' dir='ltr'>qualibet</span> <span class='ocrx_word' id='word_1_175' title='bbox 1787 2494 2163 2579; x_wconf 76' lang='lat' dir='ltr'>calumpnia</span> <span class='ocrx_word' id='word_1_176' title='bbox 2203 2501 2317 2578; x_wconf 76' lang='lat' dir='ltr'>per</span> <span class='ocrx_word' id='word_1_177' title='bbox 2361 2514 2590 2558; x_wconf 86' lang='lat' dir='ltr'>omncs</span> <span class='ocrx_word' id='word_1_178' title='bbox 2630 2504 2835 2558; x_wconf 89' lang='lat' dir='ltr'>terras</span> <span class='ocrx_word' id='word_1_179' title='bbox 2878 2493 2941 2557; x_wconf 94' lang='lat' dir='ltr'>in</span> <span class='ocrx_word' id='word_1_180' title='bbox 2985 2494 3124 2557; x_wconf 84' lang='lat' dir='ltr'>istis</span> <span class='ocrx_word' id='word_1_181' title='bbox 3169 2498 3414 2578; x_wconf 85' lang='lat' dir='ltr'>treugis</span> <span class='ocrx_word' id='word_1_182' title='bbox 3444 2519 3628 2562; x_wconf 83' lang='lat' dir='ltr'>com·</span> 
     </span>
     <span class='ocr_line' id='line_1_24' title="bbox 919 2597 3626 2683; baseline 0.001 -20"><span class='ocrx_word' id='word_1_183' title='bbox 919 2598 1272 2683; x_wconf 89' lang='lat' dir='ltr'>prehensas</span> <span class='ocrx_word' id='word_1_184' title='bbox 1333 2599 1635 2665; x_wconf 84' lang='lat' dir='ltr'>itinerare</span> <span class='ocrx_word' id='word_1_185' title='bbox 1692 2611 1759 2664; x_wconf 87' lang='lat' dir='ltr'>et</span> <span class='ocrx_word' id='word_1_186' title='bbox 1818 2599 2265 2683; x_wconf 88' lang='lat' dir='ltr'>perendinare,</span> <span class='ocrx_word' id='word_1_187' title='bbox 2324 2598 2506 2662; x_wconf 91' lang='lat' dir='ltr'>sicud</span> <span class='ocrx_word' id='word_1_188' title='bbox 2569 2597 2867 2662; x_wconf 87' lang='lat' dir='ltr'>solebant</span> <span class='ocrx_word' id='word_1_189' title='bbox 2931 2598 2994 2661; x_wconf 93' lang='lat' dir='ltr'>in</span> <span class='ocrx_word' id='word_1_190' title='bbox 3055 2600 3332 2664; x_wconf 90' lang='lat' dir='ltr'>aliorum</span> <span class='ocrx_word' id='word_1_191' title='bbox 3397 2623 3626 2682; x_wconf 77' lang='lat' dir='ltr'>regum</span> 
     </span>
     <span class='ocr_line' id='line_1_25' title="bbox 919 2701 3624 2788; baseline 0 -20"><span class='ocrx_word' id='word_1_192' title='bbox 919 2702 1351 2788; x_wconf 76' lang='lat' dir='ltr'>temporibuS,</span> <span class='ocrx_word' id='word_1_193' title='bbox 1418 2724 1580 2787; x_wconf 89' lang='lat' dir='ltr'>pace</span> <span class='ocrx_word' id='word_1_194' title='bbox 1648 2703 1814 2768; x_wconf 90' lang='lat' dir='ltr'>inter</span> <span class='ocrx_word' id='word_1_195' title='bbox 1880 2724 2082 2784; x_wconf 86' lang='lat' dir='ltr'>regna</span> <span class='ocrx_word' id='word_1_196' title='bbox 2146 2701 2573 2780; x_wconf 72' lang='lat' dir='ltr'>custodita⁹;</span> <span class='ocrx_word' id='word_1_197' title='bbox 2647 2702 3015 2766; x_wconf 91' lang='lat' dir='ltr'>dummodo</span> <span class='ocrx_word' id='word_1_198' title='bbox 3075 2717 3295 2768; x_wconf 86' lang='lat' dir='ltr'>tamen</span> <span class='ocrx_word' id='word_1_199' title='bbox 3369 2707 3624 2769; x_wconf 70' lang='lat' dir='ltr'>solvmt</span> 
     </span>
     <span class='ocr_line' id='line_1_26' title="bbox 918 2806 3628 2891; baseline 0 -18"><span class='ocrx_word' id='word_1_200' title='bbox 918 2808 1277 2873; x_wconf 86' lang='lat' dir='ltr'>secundum</span> <span class='ocrx_word' id='word_1_201' title='bbox 1323 2807 1629 2891; x_wconf 89' lang='lat' dir='ltr'>antiquas</span> <span class='ocrx_word' id='word_1_202' title='bbox 1670 2808 1930 2872; x_wconf 83' lang='lat' dir='ltr'>debitas</span> <span class='ocrx_word' id='word_1_203' title='bbox 1974 2806 2478 2873; x_wconf 87' lang='lat' dir='ltr'>consuetudines</span> <span class='ocrx_word' id='word_1_204' title='bbox 2522 2817 2588 2870; x_wconf 91' lang='lat' dir='ltr'>et</span> <span class='ocrx_word' id='word_1_205' title='bbox 2635 2806 2801 2869; x_wconf 88' lang='lat' dir='ltr'>tales</span> <span class='ocrx_word' id='word_1_206' title='bbox 2852 2807 3208 2872; x_wconf 83' lang='lat' dir='ltr'>dumtaxat</span> <span class='ocrx_word' id='word_1_207' title='bbox 3255 2829 3460 2872; x_wconf 72' lang='lat' dir='ltr'>novas</span> <span class='ocrx_word' id='word_1_208' title='bbox 3504 2810 3628 2874; x_wconf 84' lang='lat' dir='ltr'>im-</span> 
     </span>
     <span class='ocr_line' id='line_1_27' title="bbox 918 2907 3626 2997; baseline 0.001 -22"><span class='ocrx_word' id='word_1_209' title='bbox 918 2913 1171 2997; x_wconf 87' lang='lat' dir='ltr'>positas</span> <span class='ocrx_word' id='word_1_210' title='bbox 1216 2912 1444 2994; x_wconf 90' lang='lat' dir='ltr'>quales</span> <span class='ocrx_word' id='word_1_211' title='bbox 1492 2911 1796 2994; x_wconf 88' lang='lat' dir='ltr'>indigene</span> <span class='ocrx_word' id='word_1_212' title='bbox 1841 2910 2067 2975; x_wconf 77' lang='lat' dir='ltr'>fideles</span> <span class='ocrx_word' id='word_1_213' title='bbox 2113 2911 2366 2974; x_wconf 84' lang='lat' dir='ltr'>solvere</span> <span class='ocrx_word' id='word_1_214' title='bbox 2412 2921 2731 2974; x_wconf 89' lang='lat' dir='ltr'>tenentur.</span> <span class='ocrx_word' id='word_1_215' title='bbox 2819 2907 3146 2974; x_wconf 80' lang='lat' dir='ltr'>Attamen</span> <span class='ocrx_word' id='word_1_216' title='bbox 3205 2914 3626 2996; x_wconf 81' lang='lat' dir='ltr'>excipiuntur</span> 
     </span>
     <span class='ocr_line' id='line_1_28' title="bbox 917 3013 3622 3098; baseline 0 -17"><span class='ocrx_word' id='word_1_217' title='bbox 917 3016 1007 3081; x_wconf 93' lang='lat' dir='ltr'>ab</span> <span class='ocrx_word' id='word_1_218' title='bbox 1074 3017 1199 3080; x_wconf 88' lang='lat' dir='ltr'>ista</span> <span class='ocrx_word' id='word_1_219' title='bbox 1260 3015 1562 3080; x_wconf 89' lang='lat' dir='ltr'>libertate</span> <span class='ocrx_word' id='word_1_220' title='bbox 1607 3035 1836 3080; x_wconf 88' lang='lat' dir='ltr'>omnes</span> <span class='ocrx_word' id='word_1_221' title='bbox 1890 3015 2142 3079; x_wconf 88' lang='lat' dir='ltr'>banniti</span> <span class='ocrx_word' id='word_1_222' title='bbox 2198 3035 2320 3098; x_wconf 93' lang='lat' dir='ltr'>pro</span> <span class='ocrx_word' id='word_1_223' title='bbox 2365 3015 2532 3078; x_wconf 89' lang='lat' dir='ltr'>alica</span> <span class='ocrx_word' id='word_1_224' title='bbox 2590 3034 2809 3079; x_wconf 86' lang='lat' dir='ltr'>causa.</span> <span class='ocrx_word' id='word_1_225' title='bbox 2901 3013 3182 3079; x_wconf 84' lang='lat' dir='ltr'>Persone</span> <span class='ocrx_word' id='word_1_226' title='bbox 3239 3021 3622 3082; x_wconf 84' lang='lat' dir='ltr'>eorumdem</span> 
     </span>
     <span class='ocr_line' id='line_1_29' title="bbox 914 3117 3624 3204; baseline 0.001 -18"><span class='ocrx_word' id='word_1_227' title='bbox 914 3123 1298 3192; x_wconf 83' lang='lat' dir='ltr'>ducatuum,</span> <span class='ocrx_word' id='word_1_228' title='bbox 1345 3142 1466 3204; x_wconf 87' lang='lat' dir='ltr'>pro</span> <span class='ocrx_word' id='word_1_229' title='bbox 1509 3140 1924 3203; x_wconf 89' lang='lat' dir='ltr'>quacumque</span> <span class='ocrx_word' id='word_1_230' title='bbox 1984 3119 2220 3184; x_wconf 83' lang='lat' dir='ltr'>suerint</span> <span class='ocrx_word' id='word_1_231' title='bbox 2267 3139 2466 3184; x_wconf 90' lang='lat' dir='ltr'>causa</span> <span class='ocrx_word' id='word_1_232' title='bbox 2514 3117 2784 3192; x_wconf 88' lang='lat' dir='ltr'>banniti,</span> <span class='ocrx_word' id='word_1_233' title='bbox 2827 3120 3161 3200; x_wconf 85' lang='lat' dir='ltr'>gaudeant</span> <span class='ocrx_word' id='word_1_234' title='bbox 3208 3119 3514 3187; x_wconf 82' lang='lat' dir='ltr'>libertate</span> <span class='ocrx_word' id='word_1_235' title='bbox 3557 3139 3624 3187; x_wconf 82' lang='grc'>01</span> 
     </span>
     <span class='ocr_line' id='line_1_30' title="bbox 915 3221 2439 3306; baseline -0.004 -16"><span class='ocrx_word' id='word_1_236' title='bbox 915 3226 1329 3290; x_wconf 91' lang='lat' dir='ltr'>immunitate</span> <span class='ocrx_word' id='word_1_237' title='bbox 1362 3225 1424 3289; x_wconf 91' lang='lat' dir='ltr'>in</span> <span class='ocrx_word' id='word_1_238' title='bbox 1466 3225 1593 3289; x_wconf 88' lang='lat' dir='ltr'>isto</span> <span class='ocrx_word' id='word_1_239' title='bbox 1625 3224 1902 3290; x_wconf 91' lang='lat' dir='ltr'>articulo</span> <span class='ocrx_word' id='word_1_240' title='bbox 1930 3221 2439 3306; x_wconf 83' lang='lat' dir='ltr'>comprehensis.</span> 
     </span>
    </p>

    <p class='ocr_par' dir='ltr' id='par_1_10' title="bbox 920 3327 3626 3514">
     <span class='ocr_line' id='line_1_31' title="bbox 1091 3327 3626 3414; baseline 0.001 -21"><span class='ocrx_word' id='word_1_241' title='bbox 1091 3337 1107 3364; x_wconf 78' lang='lat'><strong>⁴</strong></span> <span class='ocrx_word' id='word_1_242' title='bbox 1133 3329 1321 3402; x_wconf 80' lang='lat' dir='ltr'>Item.</span> <span class='ocrx_word' id='word_1_243' title='bbox 1344 3330 1522 3412; x_wconf 91' lang='lat' dir='ltr'>quod</span> <span class='ocrx_word' id='word_1_244' title='bbox 1555 3349 1783 3392; x_wconf 84' lang='lat' dir='ltr'>omnes</span> <span class='ocrx_word' id='word_1_245' title='bbox 1804 3327 2058 3392; x_wconf 90' lang='lat' dir='ltr'>articuli</span> <span class='ocrx_word' id='word_1_246' title='bbox 2085 3337 2430 3408; x_wconf 82' lang='lat' dir='ltr'>tangentes</span> <span class='ocrx_word' id='word_1_247' title='bbox 2453 3340 2845 3390; x_wconf 85' lang='lat' dir='ltr'>mercatores</span> <span class='ocrx_word' id='word_1_248' title='bbox 2876 3339 2940 3392; x_wconf 89' lang='grc'>01</span> <span class='ocrx_word' id='word_1_249' title='bbox 2972 3348 3199 3392; x_wconf 89' lang='lat' dir='ltr'>corum</span> <span class='ocrx_word' id='word_1_250' title='bbox 3227 3350 3456 3414; x_wconf 86' lang='lat' dir='ltr'>pacem</span> <span class='ocrx_word' id='word_1_251' title='bbox 3495 3332 3626 3396; x_wconf 83' lang='lat' dir='ltr'>sint</span> 
     </span>
     <span class='ocr_line' id='line_1_32' title="bbox 920 3430 2760 3514; baseline -0.003 -17"><span class='ocrx_word' id='word_1_252' title='bbox 920 3433 1203 3499; x_wconf 85' lang='lat' dir='ltr'>Parisius</span> <span class='ocrx_word' id='word_1_253' title='bbox 1232 3445 1298 3497; x_wconf 88' lang='lat' dir='ltr'>et</span> <span class='ocrx_word' id='word_1_254' title='bbox 1333 3433 1395 3496; x_wconf 94' lang='lat' dir='ltr'>in</span> <span class='ocrx_word' id='word_1_255' title='bbox 1433 3433 1577 3498; x_wconf 90' lang='lat' dir='ltr'>aliis</span> <span class='ocrx_word' id='word_1_256' title='bbox 1615 3433 1803 3497; x_wconf 88' lang='lat' dir='ltr'>bonis</span> <span class='ocrx_word' id='word_1_257' title='bbox 1835 3433 2005 3496; x_wconf 82' lang='lat' dir='ltr'>villis</span> <span class='ocrx_word' id='word_1_258' title='bbox 2046 3430 2320 3494; x_wconf 85' lang='lat' dir='ltr'>Francie</span> <span class='ocrx_word' id='word_1_259' title='bbox 2353 3431 2760 3514; x_wconf 87' lang='lat' dir='ltr'>proclamati.</span> 
     </span>
    </p>

    <p class='ocr_par' dir='ltr' id='par_1_11' title="bbox 914 3535 3630 4142">
     <span class='ocr_line' id='line_1_33' title="bbox 1089 3535 3630 3622; baseline 0 -21"><span class='ocrx_word' id='word_1_260' title='bbox 1089 3549 1104 3573; x_wconf 84' lang='lat'>⁸</span> <span class='ocrx_word' id='word_1_261' title='bbox 1131 3537 1320 3612; x_wconf 88' lang='lat' dir='ltr'>Item,</span> <span class='ocrx_word' id='word_1_262' title='bbox 1343 3537 1559 3601; x_wconf 89' lang='lat' dir='ltr'>nullus</span> <span class='ocrx_word' id='word_1_263' title='bbox 1588 3538 1867 3600; x_wconf 91' lang='lat' dir='ltr'>duorum</span> <span class='ocrx_word' id='word_1_264' title='bbox 1904 3555 2130 3616; x_wconf 80' lang='lat' dir='ltr'>regum</span> <span class='ocrx_word' id='word_1_265' title='bbox 2166 3535 2543 3618; x_wconf 91' lang='lat' dir='ltr'>procurabit</span> <span class='ocrx_word' id='word_1_266' title='bbox 2578 3557 2693 3619; x_wconf 86' lang='lat' dir='ltr'>per</span> <span class='ocrx_word' id='word_1_267' title='bbox 2721 3556 2789 3598; x_wconf 84' lang='lat' dir='ltr'>sc</span> <span class='ocrx_word' id='word_1_268' title='bbox 2810 3535 2907 3598; x_wconf 81' lang='lat' dir='ltr'>vel</span> <span class='ocrx_word' id='word_1_269' title='bbox 2945 3557 3058 3620; x_wconf 85' lang='lat' dir='ltr'>per</span> <span class='ocrx_word' id='word_1_270' title='bbox 3089 3536 3310 3608; x_wconf 89' lang='lat' dir='ltr'>alium,</span> <span class='ocrx_word' id='word_1_271' title='bbox 3337 3561 3446 3602; x_wconf 77' lang='lat' dir='ltr'>seu</span> <span class='ocrx_word' id='word_1_272' title='bbox 3475 3562 3630 3622; x_wconf 85' lang='lat' dir='ltr'>pro—</span> 
     </span>
     <span class='ocr_line' id='line_1_34' title="bbox 914 3637 3622 3726; baseline -0.001 -18"><span class='ocrx_word' id='word_1_273' title='bbox 914 3641 1125 3708; x_wconf 90' lang='lat' dir='ltr'>curari</span> <span class='ocrx_word' id='word_1_274' title='bbox 1160 3642 1495 3726; x_wconf 88' lang='lat' dir='ltr'>permittet</span> <span class='ocrx_word' id='word_1_275' title='bbox 1542 3641 1768 3724; x_wconf 86' lang='lat' dir='ltr'>gratis,</span> <span class='ocrx_word' id='word_1_276' title='bbox 1804 3641 1982 3722; x_wconf 88' lang='lat' dir='ltr'>quod</span> <span class='ocrx_word' id='word_1_277' title='bbox 2030 3660 2145 3723; x_wconf 86' lang='lat' dir='ltr'>per</span> <span class='ocrx_word' id='word_1_278' title='bbox 2189 3639 2437 3702; x_wconf 90' lang='lat' dir='ltr'>curiam</span> <span class='ocrx_word' id='word_1_279' title='bbox 2477 3637 2847 3703; x_wconf 84' lang='lat' dir='ltr'>Romanam</span> <span class='ocrx_word' id='word_1_280' title='bbox 2891 3640 3056 3704; x_wconf 82' lang='lat' dir='ltr'>alica</span> <span class='ocrx_word' id='word_1_281' title='bbox 3097 3640 3480 3707; x_wconf 77' lang='lat' dir='ltr'>molestacio</span> <span class='ocrx_word' id='word_1_282' title='bbox 3511 3667 3622 3706; x_wconf 76' lang='lat' dir='ltr'>seu</span> 
     </span>
     <span class='ocr_line' id='line_1_35' title="bbox 915 3742 3626 3828; baseline -0 -16"><span class='ocrx_word' id='word_1_283' title='bbox 915 3767 1191 3812; x_wconf 87' lang='lat' dir='ltr'>censura</span> <span class='ocrx_word' id='word_1_284' title='bbox 1236 3745 1676 3810; x_wconf 82' lang='lat' dir='ltr'>ecclesiastica</span> <span class='ocrx_word' id='word_1_285' title='bbox 1716 3756 1945 3808; x_wconf 90' lang='lat' dir='ltr'>contra</span> <span class='ocrx_word' id='word_1_286' title='bbox 1988 3755 2236 3806; x_wconf 86' lang='lat' dir='ltr'>statum</span> <span class='ocrx_word' id='word_1_287' title='bbox 2275 3763 2387 3806; x_wconf 90' lang='lat' dir='ltr'>scu</span> <span class='ocrx_word' id='word_1_288' title='bbox 2434 3742 2722 3824; x_wconf 85' lang='lat' dir='ltr'>quictem</span> <span class='ocrx_word' id='word_1_289' title='bbox 2769 3744 3042 3808; x_wconf 85' lang='lat' dir='ltr'>alicuius</span> <span class='ocrx_word' id='word_1_290' title='bbox 3077 3747 3358 3808; x_wconf 91' lang='lat' dir='ltr'>duorum</span> <span class='ocrx_word' id='word_1_291' title='bbox 3395 3769 3626 3828; x_wconf 64' lang='lat' dir='ltr'>regum</span> 
     </span>
     <span class='ocr_line' id='line_1_36' title="bbox 916 3846 3626 3926; baseline 0.001 -14"><span class='ocrx_word' id='word_1_292' title='bbox 916 3850 1020 3913; x_wconf 84' lang='lat' dir='ltr'>vel</span> <span class='ocrx_word' id='word_1_293' title='bbox 1066 3869 1335 3914; x_wconf 89' lang='lat' dir='ltr'>suorum</span> <span class='ocrx_word' id='word_1_294' title='bbox 1381 3847 1765 3920; x_wconf 80' lang='lat' dir='ltr'>amicorum,</span> <span class='ocrx_word' id='word_1_295' title='bbox 1814 3847 2069 3912; x_wconf 86' lang='lat' dir='ltr'>racione</span> <span class='ocrx_word' id='word_1_296' title='bbox 2116 3867 2348 3926; x_wconf 81' lang='lat' dir='ltr'>guerre</span> <span class='ocrx_word' id='word_1_297' title='bbox 2393 3846 2492 3909; x_wconf 84' lang='lat' dir='ltr'>vel</span> <span class='ocrx_word' id='word_1_298' title='bbox 2555 3847 2822 3910; x_wconf 85' lang='lat' dir='ltr'>alterius</span> <span class='ocrx_word' id='word_1_299' title='bbox 2879 3868 3093 3922; x_wconf 82' lang='lat' dir='ltr'>cause,</span> <span class='ocrx_word' id='word_1_300' title='bbox 3151 3849 3231 3913; x_wconf 89' lang='lat' dir='ltr'>sit</span> <span class='ocrx_word' id='word_1_301' title='bbox 3299 3849 3626 3922; x_wconf 71' lang='lat' dir='ltr'>innovata,</span> 
     </span>
     <span class='ocr_line' id='line_1_37' title="bbox 916 3949 3626 4037; baseline 0.001 -20"><span class='ocrx_word' id='word_1_302' title='bbox 916 3965 1017 4018; x_wconf 86' lang='lat' dir='ltr'>set</span> <span class='ocrx_word' id='word_1_303' title='bbox 1062 3973 1327 4018; x_wconf 86' lang='lat' dir='ltr'>omnem</span> <span class='ocrx_word' id='word_1_304' title='bbox 1389 3952 1591 4017; x_wconf 85' lang='lat' dir='ltr'>talem</span> <span class='ocrx_word' id='word_1_305' title='bbox 1650 3953 1790 4018; x_wconf 84' lang='lat' dir='ltr'>sine</span> <span class='ocrx_word' id='word_1_306' title='bbox 1836 3951 2011 4016; x_wconf 91' lang='lat' dir='ltr'>mala</span> <span class='ocrx_word' id='word_1_307' title='bbox 2059 3949 2505 4034; x_wconf 80' lang='lat' dir='ltr'>ingeniacione</span> <span class='ocrx_word' id='word_1_308' title='bbox 2563 3972 2685 4037; x_wconf 90' lang='lat' dir='ltr'>pro</span> <span class='ocrx_word' id='word_1_309' title='bbox 2729 3973 2850 4016; x_wconf 85' lang='lat' dir='ltr'>suo</span> <span class='ocrx_word' id='word_1_310' title='bbox 2902 3975 3095 4036; x_wconf 79' lang='lat' dir='ltr'>posse</span> <span class='ocrx_word' id='word_1_311' title='bbox 3147 3973 3332 4036; x_wconf 84' lang='lat' dir='ltr'>reges</span> <span class='ocrx_word' id='word_1_312' title='bbox 3389 3956 3626 4020; x_wconf 78' lang='lat' dir='ltr'>sacient</span> 
     </span>
     <span class='ocr_line' id='line_1_38' title="bbox 917 4056 1239 4142; baseline 0 -23"><span class='ocrx_word' id='word_1_313' title='bbox 917 4056 1239 4142; x_wconf 91' lang='lat' dir='ltr'>impediri.</span> 
     </span>
    </p>
   </div>
   <div class='ocr_carea' id='block_1_5' title="bbox 1344 4173 3198 4246">
    <p class='ocr_par' dir='ltr' id='par_1_12' title="bbox 1344 4173 3198 4246">
     <span class='ocr_line' id='line_1_39' title="bbox 1344 4173 3198 4246; baseline 0 -16"><span class='ocrx_word' id='word_1_314' title='bbox 1344 4173 1359 4208; x_wconf 84' lang='lat'><strong>¹</strong></span> <span class='ocrx_word' id='word_1_315' title='bbox 1400 4174 1893 4246; x_wconf 77' lang='lat' dir='ltr'>infringendamm.</span> <span class='ocrx_word' id='word_1_316' title='bbox 1978 4176 2040 4230; x_wconf 90' lang='lat' dir='ltr'>B.</span> <span class='ocrx_word' id='word_1_317' title='bbox 2681 4175 2700 4206; x_wconf 77' lang='lat'>⁸</span> <span class='ocrx_word' id='word_1_318' title='bbox 2736 4175 3086 4231; x_wconf 73' lang='lat' dir='ltr'>custodotita.</span> <span class='ocrx_word' id='word_1_319' title='bbox 3133 4176 3198 4232; x_wconf 85' lang='lat' dir='ltr'>B.</span> 
     </span>
    </p>
   </div>
  </div>
 </body>
</html>
