4154 4895
913 244 1033 305 142
1803 236 1851 291 C
1853 236 2172 293 HRONIC
2172 236 2293 295 ΟΝ
2334 236 2744 292 GALFRIDI

556 450 871 501 amau.
907 442 1123 497 castra
1166 432 1432 511 direxit,
1460 452 1748 518 sperans,
1781 442 1853 498 ut
1896 433 2237 516 quondam
2287 432 2350 498 in
2398 431 2682 512 Garona,
2712 435 2808 499 sic
2854 433 2919 499 in
2969 434 3190 519 Ligeri
3231 437 3404 504 vada
3448 460 3622 507 nova

610 539 811 555 —
910 553 1229 637 reperire;
1274 566 1377 620 set
1410 553 1848 619 inundacione
1877 553 2246 640 pluviarum
2283 554 2523 639 Ligere
2561 576 2717 621 suos
2757 555 2983 622 alveos
3016 557 3325 624 insolenti
3355 572 3622 627 tumore

908 674 1392 759 preterfluente,
1437 695 1568 740 non
1614 675 1913 760 permisit
1959 696 2135 760 aqua
2181 685 2439 742 nostros
2485 676 2697 761 ipsam
2743 680 3187 757 transvadere,
3223 692 3310 759 et,
3347 680 3412 747 in
3455 704 3622 765 aug·

604 804 644 855 1.
668 802 817 857 ιω.
909 810 1204 863 mentum
1249 796 1725 882 impedimenti,
1755 818 1986 863 omnes
2027 807 2266 882 pontes
2309 798 2477 863 inter
2517 797 2817 864 Blaviam
2860 812 2926 865 et
2960 797 3346 879 Turoniam,
3373 804 3620 887 quibus

907 917 1222 984 interfluit
1275 918 1532 1003 Ligeris
1586 919 1783 993 unda,
1837 918 2046 1002 frangi
2103 918 2288 985 iussit
2339 932 2711 997 coronatus,
2767 941 2850 985 ne
2906 922 3076 986 inter
3127 922 3494 1008 principem
3545 938 3616 991 et

903 1041 1140 1106 ducem
1196 1039 1582 1106 Lancastrie
1643 1060 2118 1124 usquequaque
2169 1041 2278 1107 via
2336 1052 2635 1126 pateret3
2701 1062 2985 1126 quorum
3037 1044 3371 1110 exercitus
3431 1044 3618 1129 ignes

901 1159 1188 1226 alternos
1232 1162 1320 1228 de
1361 1172 1557 1228 nocte
1595 1161 1871 1227 faciliter
1915 1161 2346 1246 aspiciebant.
2439 1162 2747 1247 Princeps
2778 1184 2934 1228 vero
2974 1163 3268 1247 Ligerim
3311 1187 3614 1250 sequens,

902 1280 1264 1349 lateraliter
1291 1304 1517 1348 versus
1546 1284 1867 1348 orientem
1901 1304 2302 1368 progressus,
2335 1282 2484 1348 fixit
2517 1284 2806 1350 tentoria
2838 1285 3028 1351 iuxta
3058 1285 3442 1359 Turoniam,
3478 1289 3614 1361 ubi.

900 1416 1265 1490 expectans
1336 1416 1623 1490 quatuor
1696 1404 1950 1479 diebus,
2007 1425 2279 1488 sperans
2351 1415 2741 1470 coronatum
2811 1426 2944 1471 una
3004 1404 3190 1473 leuca
3248 1408 3612 1475 distantem

902 1527 1331 1611 preliatumm
1354 1526 1396 1603 ¹,
1428 1526 1755 1592 intellexit
1796 1536 2038 1609 quarto
2077 1526 2190 1591 die
2226 1527 2405 1610 quod
2451 1538 2827 1605 coronatus,
2855 1527 2942 1593 ad
2976 1526 3274 1593 Blaviam
3309 1550 3377 1593 x.
3411 1530 3614 1595 leucis

554 1667 848 1744 neuque·
900 1669 942 1713 a
986 1660 1174 1731 tergo
1219 1647 1530 1734 principis
1576 1647 2064 1732 preterioratus,
2106 1667 2225 1731 per
2268 1658 2540 1731 pontem
2586 1648 2848 1713 duobus
2890 1649 3110 1733 opidis
3155 1650 3612 1715 munitissimis

548 1733 635 1785 ὼ
654 1732 816 1786 ¹⁴⁰⁸*
901 1767 1385 1835 intersituatum
1418 1768 1711 1851 Ligerim
1741 1767 2042 1834 transivit
2072 1778 2276 1851 atque
2305 1788 2534 1832 versus
2565 1767 2929 1833 Pictavium
2963 1771 3360 1854 properavit.

1076 1890 1179 1956 Ea
1229 1891 1524 1956 coronati
1570 1888 2019 1955 declinacione
2066 1889 2344 1974 principi
2391 1899 2751 1974 comperta,
2795 1889 3102 1975 princeps
3156 1893 3613 1957 revertebatur

900 2011 1301 2089 festinanter,
1322 2011 1665 2076 intendens
1698 2012 1820 2077 iter
1836 2011 2130 2077 coronati
2157 2031 2628 2095 preocupasse3
2668 2012 2848 2095 quod
2877 2032 3007 2076 non
3040 2010 3215 2077 fecit.
3279 2011 3608 2081 Attamen

545 2107 761 2239 ’ἔξω
898 2132 1073 2198 viam
1116 2144 1552 2198 transversam
1598 2145 1665 2198 et
1710 2132 2216 2216 ymaginacione
2248 2132 2630 2198 viciniorem
2670 2144 2852 2198 trans
2897 2144 3222 2199 torrentes
3268 2146 3401 2199 tres
3443 2136 3608 2199 arri·

546 2243 729 2291 tamin
824 2304 858 2356 d
898 2254 1061 2337 puit,
1091 2264 1159 2319 et
1196 2254 1477 2319 caudam
1519 2252 1794 2338 legionis
1838 2252 2142 2317 hostilis²
2177 2253 2269 2317 ita
2299 2252 2623 2317 violenter
2669 2253 3018 2337 insequens
3061 2255 3392 2338 ocupavit,
3419 2257 3606 2339 quod

544 2307 821 2423 Ἐπὶ
898 2371 1115 2456 rapuit
1162 2371 1250 2436 ab
1296 2371 1437 2456 ipsa
1480 2373 1648 2437 duos
1692 2371 1986 2445 comites,
2032 2369 2283 2436 scilicet
2327 2369 2415 2435 de
2458 2370 2688 2455 Juyny
2733 2382 2801 2437 et
2852 2370 2940 2435 de
2979 2369 3355 2450 Waucerre,
3399 2381 3608 2457 atque

546 2437 847 2569 mid.
897 2492 1351 2558 marescallum
1387 2492 1735 2575 Burgonie.
1828 2492 1981 2558 Istis
2027 2492 2300 2557 domitis
2347 2505 2414 2557 et
2464 2490 2694 2557 salutis
2754 2492 2974 2578 precio
3023 2493 3387 2570 reservatis,
3433 2495 3606 2577 peri·

892 2627 1081 2680 erunt
1109 2615 1378 2699 inopino
1406 2613 1575 2680 duro
1606 2614 1963 2681 certamine
1989 2633 2265 2679 numero
2289 2635 2531 2698 magno
2551 2613 2670 2678 viri
2696 2613 2927 2696 togati.
2995 2612 3082 2678 Et
3117 2613 3238 2678 hec
3273 2636 3388 2699 per
3419 2615 3602 2680 diem

892 2735 1174 2808 sabbati.
1206 2736 1588 2821 proximum
1633 2736 1764 2801 diei
1810 2734 1965 2800 belli
2007 2736 2360 2819 sequentis,
2391 2736 2826 2818 contigerunt.
2917 2735 3140 2801 Nocte
3183 2749 3604 2821 properante.

895 2857 961 2921 in
1000 2859 1294 2941 quodam
1335 2879 1601 2923 nemore
1642 2858 1845 2922 nostri
1889 2857 2319 2941 quieverunt3
2372 2871 2438 2921 et
2488 2857 2552 2921 in
2598 2857 2884 2922 crastino
2922 2877 3147 2921 versus
3193 2857 3600 2924 territorium

894 2978 1303 3044 Pictaviense
1352 2980 1695 3064 progressi,
1739 2979 2060 3064 comperti
2115 2991 2284 3057 sunt,
2330 2977 2538 3044 relatu
2592 2980 3138 3063 discopertorum‚
3181 2979 3363 3062 quod
3409 2999 3600 3044 coro-

892 3112 1086 3165 natus
1116 3102 1344 3166 castris
1371 3102 1690 3166 ordinatis
1727 3122 1799 3165 se
1837 3101 2210 3185 preparavit
2241 3101 2325 3164 ad
2369 3098 2616 3164 bellum
2650 3100 3028 3165 ineundum.
3119 3098 3264 3165 Nec
3309 3099 3594 3164 multum

890 3234 1041 3305 post
1074 3223 1194 3288 hec
1222 3235 1587 3289 asserentes
1615 3222 1723 3287 alii
1754 3224 2236 3307 discopertores
2267 3234 2656 3287 coronatum
2687 3221 3098 3304 promovisse
3127 3233 3344 3286 eastra
3365 3243 3594 3286 versus

889 3355 1154 3410 nostros
1203 3344 1668 3410 consuluerunt
1720 3344 2064 3409 dominum
2118 3343 2480 3428 principem
2528 3343 2747 3408 locum
2795 3341 3174 3409 certaminis
3227 3341 3472 3426 eligere
3526 3357 3596 3410 et

538 3503 652 3555 ‘nn
890 3469 1254 3533 exercitum
1300 3468 1621 3540 ordinare,
1653 3487 1735 3533 ne
1780 3466 2183 3532 inordinatos
2227 3463 2501 3531 hostes¹
2540 3465 2824 3530 ordinati
2872 3464 3252 3548 reperirent.
3343 3462 3592 3530 Statim

542 3571 751 3634 ¹5⁹th
890 3588 1196 3673 princeps
1219 3602 1285 3655 et
1309 3608 1541 3655 omnes
1558 3588 1670 3654 alii
1694 3609 1936 3662 secum,
1963 3588 2223 3672 pedites
2252 3587 2628 3662 consteturi‚
2649 3585 3024 3651 dextrarios
3053 3597 3120 3650 et
3150 3604 3358 3669 equos
3389 3587 3598 3652 tutele

538 3653 741 3752 minere
764 3637 841 3688 for

628 3705 710 3754 tle.

962 3769 978 3804 ¹
1020 3771 1091 3826 In
1116 3769 1207 3825 the
1231 3771 1409 3825 lower
1432 3775 1659 3840 margin
1685 3772 1803 3843 osjI
1838 3785 1926 3838 141
1960 3772 2013 3826 b.
2040 3770 2132 3824 the
2143 3770 2458 3840 fivllmm‘ng
2477 3773 2722 3839 peusage
2751 3769 2802 3822 is
2827 3769 3075 3832 viv-men,
3099 3764 3302 3828 which,
3313 3765 3474 3836 fre·-
3503 3767 3598 3820 the

888 3859 1043 3914 catch
1080 3859 1259 3924 word,
1296 3878 1465 3914 seems
1507 3869 1565 3914 to
1599 3859 1747 3914 λου(
1786 3861 1913 3912 been
1955 3858 2225 3913 intended
2239 3859 2346 3928 sor
2378 3859 2654 3910 insertion
2689 3863 2754 3909 a!
2787 3853 2900 3907 ntis
2929 3854 3094 3926 plcre
3107 3873 3130 3908 .·
3183 3857 3198 3883 ⁸
3217 3857 3596 3925 preli-uturum.

894 3949 1009 4006 Ubi
1037 3948 1321 4018 dispositis
1349 3949 1579 4002 domino
1608 3949 1999 4002 llariholomeo
2038 3947 2434 4014 Bourghasche
2467 3955 2522 3999 et
2551 3945 2673 3997 aliis
2707 3942 2780 3998 td
2815 3940 3226 3996 incendendum
3265 3943 3594 3996 nabuthan

890 4037 1153 4100 Turonie,
1171 4037 1413 4105 quolibet
1442 4035 1607 4089 trium
1636 4037 1869 4096 dierum.
1896 4045 2018 4104 post
2049 4032 2255 4102 incepti
2284 4033 2492 4087 itineris
2521 4033 2730 4084 clarum
2767 4043 2987 4100 tempus
3011 4041 3066 4084 et
3091 4029 3358 4100 quietum,
3385 4027 3596 4098 incepit

887 4136 1080 4178 tonare
1117 4137 1169 4178 et
1207 4125 1387 4178 celum
1428 4123 1505 4177 ita
1541 4123 1927 4177 contenebrari
1977 4121 2147 4192 quod,
2187 4121 2305 4175 sine
2345 4119 2535 4184 dubio,
2575 4119 2773 4172 merito
2821 4117 2998 4172 uncti
3053 4115 3302 4174 hinniat.
3339 4117 3595 4170 mundis

885 4211 1125 4267 civitatis
1151 4211 1509 4280 Turonensis,
1534 4211 1722 4267 hostes
1750 4209 1969 4282 proibiti
1996 4209 2214 4267 fuentnt
2241 4225 2274 4263 a
2301 4209 2422 4263 ville
2449 4203 2869 4262 combustione-⁹
2909 4207 2972 4261 Β.
3087 4201 3108 4236 ⁸
3153 4202 3268 4260 ne
3301 4201 3340 4258 h
3375 4219 3484 4258 σιι.
3525 4203 3594 4258 Β.
