4154 4895
719 2589 762 2636 t.
788 2590 908 2640 1⁸7.

1028 172 1048 217 1
1067 170 1150 234 74
1835 165 1885 219 C
1884 164 2209 221 HROA’IC
2214 164 2315 219 Ul.
2327 164 2459 220 ΠΜ
2499 164 2908 220 GALFRID!

1016 360 1278 427 literam
1325 362 1408 439 Y,
1453 375 1755 447 tempore
1806 382 1943 446 quo
2005 363 2130 428 ista
2190 364 2433 448 scripta
2492 376 2699 439 erant,
2740 364 3045 429 videlicet
3110 363 3176 428 in
3234 383 3411 428 anno
3462 362 3729 433 inbuto.

1019 482 1301 548 καὶαι.
1393 483 1483 547 Et
1513 483 1626 559 sic,
1659 504 1780 567 per
1808 485 1949 548 eius
1984 485 2410 569 oppinionem
2453 499 2518 550 et
2556 485 2717 550 dicti
2748 484 3088 570 alphabeti
3130 484 3731 569 computationem,

1017 617 1312 669 remanet
1345 604 1466 669 nisi
1492 604 1682 670 litera
1708 604 1780 677 Z,
1799 624 1930 688 que
1951 616 2052 670 est
2077 605 2313 671 ultima
2339 606 2548 683 litera,
2572 605 2684 671 ubi
2704 607 2890 691 ponit
2923 605 3121 671 finem
3144 606 3333 670 istius
3362 605 3585 677 seculi.
3602 605 3731 670 hoc

1015 736 1120 790 est
1155 745 1250 790 cc.
1274 738 1342 790 et
1376 726 1416 791 1.
1445 747 1656 791 annos
1678 746 1719 790 a
1749 736 2054 810 tempore
2082 728 2225 792 dati
2257 727 2470 791 huius.
2566 727 2657 791 Et
2698 728 3151 811 computando
3192 728 3398 793 modo
3430 726 3733 811 predicto

1018 866 1062 911 a
1091 847 1254 912 dato
1297 847 1594 932 predicto
1635 866 1845 930 usque
1890 848 2253 913 adventum
2305 845 2574 924 Christi,
2614 860 2768 912 sunt
2815 848 2971 913 anni
3342 894 3359 919 .
3406 862 3475 911 et
3524 866 3733 931 usque

1023 968 1258 1032 datum
1291 968 1662 1051 predictum
1713 964 2014 1032 M¹.ccc.l.

1431 1080 1460 1113 0

1205 1175 1713 1242 Memorandum
1743 1177 1829 1240 de
1859 1188 2113 1261 septem
2144 1177 2433 1241 etatibus
2466 1177 2712 1240 mundi.
2794 1175 2994 1241 Unde
3024 1176 3238 1259 prima
3267 1186 3415 1239 etas
3437 1174 3727 1241 continet

1020 1317 1228 1362 annos
1274 1294 1690 1379 ii·¹.cc.liiij.;
1737 1298 2023 1362 secunda
2052 1308 2215 1371 etas,
2246 1297 2553 1379 ix⁰.xlij.;
2599 1298 2801 1362 tercia
2830 1310 2991 1369 etas,
3017 1295 3252 1371 ix⁶.xl;
3298 1310 3539 1378 quarta
3568 1308 3729 1369 etas,

1015 1538 1081 1601 in
1114 1559 1247 1621 qua
1279 1552 1473 1602 natus
1502 1552 1602 1603 est
1644 1538 1844 1615 Iesus,
1873 1534 2355 1619 v·¹.c.xxxviij.
2384 1563 2401 1615 ;
2449 1552 2515 1602 et
2549 1560 2590 1603 a
2620 1538 2965 1603 nativitate
2998 1536 3248 1601 Christi
3292 1557 3505 1620 usque
3540 1557 3729 1605 nmtc.

1014 1659 1142 1723 isto
1172 1679 1348 1723 anno
1378 1659 1644 1733 iubileo,
1677 1659 1961 1723 M.ccc.l.
1991 1679 2220 1723 annos.
2295 1659 2512 1724 Prima
2551 1660 2640 1724 ab
2674 1658 2901 1723 Adam
2934 1679 3141 1741 usque
3174 1658 3345 1725 Noe.
3414 1657 3723 1723 secunda

1008 1801 1052 1845 a
1099 1780 1249 1845 Noe
1294 1800 1501 1864 usque
1545 1780 1914 1844 Abraham.
2005 1780 2240 1845 Tereia
2274 1780 2363 1844 ab
2410 1779 2756 1845 Abraham
2797 1800 3005 1862 usque
3050 1778 3290 1844 David.
3382 1778 3644 1862 Quarta
3684 1800 3725 1841 a

1013 1900 1234 1965 David
1289 1921 1496 1983 usque
1549 1901 2223 1983 transmigracionem.
2337 1899 2590 1983 Quinta
2634 1922 2675 1966 a
2722 1900 3309 1983 transmigratione
3356 1920 3564 1983 usque
3610 1902 3727 1964 ad·

1006 2036 1279 2086 ventum
1313 2020 1577 2087 Christi.
1667 2022 1879 2086 Sexta
1909 2043 1950 2087 a
1983 2019 2231 2086 Christi
2262 2020 2595 2086 adventu³
2629 2042 2835 2105 usque
2866 2021 3063 2085 finem
3098 2020 3349 2085 mundi.

1189 2142 1700 2208 Memorandum
1747 2143 1928 2226 quod
1969 2142 2293 2208 traditum
2334 2156 2434 2207 eet
2465 2165 2506 2208 a
2535 2143 2741 2208 domo
2776 2142 3013 2225 Helye,
3046 2144 3111 2207 id
3156 2156 3257 2206 est
3304 2162 3345 2207 a
3388 2142 3725 2225 discipulis

1008 2265 1168 2339 eiua,
1201 2285 1318 2348 per
1347 2286 1466 2330 sex
1511 2264 1692 2329 milia
1721 2284 2043 2329 annorum
2092 2265 2216 2328 erit
2263 2266 2589 2328 mundus:
2633 2265 2773 2329 duo
2807 2264 2988 2329 milia
3016 2264 3345 2339 vanitatis,
3378 2266 3515 2327 duo
3550 2262 3725 2327 milia

1010 2384 1194 2470 legis,
1224 2386 1360 2450 duo
1392 2386 1570 2451 milia
1598 2386 1853 2450 dierum
1891 2383 2156 2449 Messio.

1881 2573 2253 2638 Secundum
2298 2573 2426 2638 ζα.
2481 2577 2875 2658 interpretes.

1188 2729 1307 2794 Ab
1350 2729 1602 2812 origine
1648 2729 1874 2793 mundi
1931 2749 2141 2811 usque
2182 2730 2543 2795 adventum
2590 2730 2837 2795 Christi
2887 2751 2949 2793 v.
3000 2725 3097 2794 Μ’.
3144 2730 3501 2810 ςαακνίῇ.
3546 2729 3725 2800 anni.

1012 2852 1373 2916 aecundum
1410 2850 1782 2915 Isodomm.
1872 2849 2085 2914 Sexta
2114 2863 2257 2914 etas
2287 2871 2328 2914 a
2358 2851 2704 2914 nativitate
2735 2848 2979 2916 Christi
3014 2870 3224 2933 usque
3254 2850 3495 2914 smum
3528 2852 3725 2915 bote

1016 2972 1415 3056 Magnete,
1461 2971 1529 3035 in
1589 2970 1826 3034 ultimo
1884 2990 2059 3035 anno
2122 2970 2367 3035 iubileo
2426 2992 2619 3046 nunc,
2669 2992 2806 3055 quo
2864 2972 2971 3036 die
3022 2971 3146 3036 ista
3208 2971 3455 3056 scripta
3514 2985 3725 3044 erant.

1013 3092 1275 3176 nkiijffll.
1395 3092 1676 3156 Summa
1735 3091 1960 3157 totalis
2019 3089 2615 3174 vjffldiijziiijuviij.
2736 3091 2823 3155 Et
2886 3093 2977 3157 sic
3036 3092 3123 3156 ad
3188 3090 3389 3156 finem
3456 3091 3721 3175 septimi

1012 3215 1355 3280 millenarii
1378 3213 1584 3296 v⁶.xij.
1614 3214 1786 3280 anni.
1819 3215 2181 3276 secundum
2214 3213 2640 3296 oppinionem
2676 3212 2919 3277 Orosii.
2990 3211 3367 3278 Secundum
3408 3212 3723 3282 loachim.

1010 3337 1098 3402 ad
1133 3336 1328 3400 finem
1367 3336 1628 3420 septimi
1669 3335 2032 3406 millenarii,
2063 3356 2105 3399 a
2136 3334 2245 3398 die
2278 3336 2594 3419 predicto,
2626 3334 2734 3398 CA.
2766 3334 2919 3397 anni
2954 3355 3069 3418 per
3100 3333 3325 3398 literas
3356 3334 3723 3418 alphabeti.

1015 3458 1390 3524 Secundum
1456 3457 1850 3528 Metodiutn‚
1915 3476 2121 3537 usque
2195 3455 2283 3519 ad
2352 3452 2551 3519 finem
2623 3456 3014 3539 predictum,
3058 3455 3385 3536 cjiijuix.
3480 3453 3567 3518 Et
3632 3457 3723 3520 sic

1012 3581 1230 3644 nullus
1281 3579 1640 3644 concordat
1688 3597 1838 3643 cum
1889 3576 2066 3652 alio;
2132 3597 2251 3642 nec
2299 3577 2561 3648 mirum,
2593 3577 2749 3659 quia
2791 3576 2915 3640 hoc
2958 3587 3055 3639 est
3096 3595 3301 3639 unum
3338 3575 3427 3640 de
3456 3575 3723 3640 secretis

1016 3701 1160 3776 Dei,
1190 3702 1371 3784 quod
1405 3719 1741 3783 nunquam
1775 3697 1922 3762 sciri
1957 3709 2173 3781 potest
2206 3711 2563 3782 antequam
2596 3697 2925 3763 acciderit.

1579 3869 1595 3902 ⁸
1635 3870 1766 3924 This
1789 3869 2282 3923 smuhaemv.
2846 3865 2869 3898 ¹
2904 3883 3011 3920 en.
3054 3869 3116 3922 B.
