4154 4895
1200 319 1313 373 LE
1372 317 1663 374 BAKER
1728 318 1848 373 DE
1903 316 2526 376 SWYNEBROKE.
3151 323 3229 392 15

507 521 679 606 regis
727 519 1023 599 Francie,
1052 540 1204 585 cum
1252 519 1480 584 multis
1509 518 1674 595 aliis,
1710 516 1917 595 Scoti,
1948 525 2164 582 totam
2197 516 2559 582 marchiam
2605 537 2814 601 usque
2847 517 3227 583 Eboracum
3269 526 3410 576 Δ».
3424 526 3583 576 1822.

507 643 752 726 rapinis
815 652 884 707 et
944 643 1097 726 igne
1154 642 1610 726 depascenteS,
1668 640 1892 703 villam
1955 638 2041 703 de
2104 638 2436 722 Rypouns
2489 647 2645 704 sunt
2697 640 3106 724 depopulati,
3162 648 3229 703 et
3271 674 3384 724 The
3404 673 3548 724 scota

506 765 777 829 tandem
839 762 1271 829 Beverlacum
1331 783 1453 847 pro
1519 760 2021 844 quadringentis
2072 759 2261 824 libris
2327 760 2794 844 sterlingorum
2854 761 3100 826 oblatis
3154 770 3226 825 et
3270 739 3558 856 ,Ἑζξθοξὴθ

508 885 738 950 statim
767 885 1000 950 solutis
1032 885 1354 950 intactum
1386 883 1904 957 declinaverunt,
1935 881 2022 946 ad
2054 882 2322 965 propria
2353 883 2616 946 reversi.
2687 882 2873 946 Anni
2904 883 3234 966 sequentis
3273 870 3520 937 England.

514 1026 735 1071 mense
766 1006 938 1070 Iunii
976 1007 1133 1070 inite
1163 1005 1425 1070 fuerunt
1455 1013 1689 1086 treuge
1721 1023 1871 1067 cum
1905 1002 2064 1086 ipsis
2096 1023 2214 1087 per
2243 1022 2453 1068 annos
2485 1003 2626 1085 xiij.
2658 1003 2991 1071 durature.
3271 1035 3322 1085 A
3344 1042 3494 1085 truce.

683 1126 894 1193 Anno
928 1125 1360 1209 M.CCC.xxij.,
1396 1126 1707 1210 Philippo
1752 1124 1891 1189 filio
1935 1124 2246 1208 Philippi,
2279 1145 2434 1209 rege
2473 1126 2896 1201 Francorum,
2928 1126 3233 1190 universe
3272 1147 3411 1196 Δ».
3426 1148 3584 1195 1323.

518 1248 733 1314 carnis
783 1249 958 1313 viam
1012 1248 1324 1332 ingresso,
1389 1266 1745 1332 germanus
1803 1267 1960 1311 suus
2014 1245 2324 1326 KaroluS,
2379 1247 2564 1330 regni
2624 1247 2896 1314 fraterni
2949 1249 3232 1331 adeptus
3273 1262 3489 1312 Edward

521 1370 854 1446 diadema,
896 1370 1075 1435 misit
1119 1370 1185 1433 in
1228 1369 1548 1453 Angliam
1597 1368 1944 1433 dominum
1993 1366 2342 1432 Andream
2387 1369 2472 1433 de
2519 1368 2865 1436 Florencia
2910 1378 2978 1435 et
3021 1369 3228 1434 alium
3270 1328 3565 1444 {gffoned

514 1490 873 1573 quemdam
936 1489 1215 1557 militem
1274 1491 1362 1555 ad
1423 1491 1765 1556 citandum
1832 1509 2055 1573 regem
2118 1498 2193 1555 ut
2250 1510 2323 1554 se
2382 1499 2793 1574 presentaret
2854 1512 3029 1556 novo
3091 1491 3230 1574 regi
3272 1460 3529 1590 ῗᾷωζξζί,

519 1611 865 1677 Gallorum
890 1621 958 1678 et
982 1611 1229 1677 faceret
1250 1611 1635 1695 homagium
1658 1632 1779 1695 pro
1811 1611 2053 1676 ducatu
2087 1610 2502 1694 Aquitannie
2523 1622 2592 1677 et
2621 1612 2769 1677 aliis
2789 1613 2923 1677 suis
2953 1613 3143 1677 terris
3168 1614 3234 1676 in
3273 1592 3422 1642 ‘⁸⁵⁰⁶‘

518 1733 801 1817 predicti
844 1734 1018 1817 regis
1048 1753 1269 1818 regn0‚
1301 1742 1388 1808 et,
1419 1731 1576 1799 licet
1610 1732 1816 1817 Hugo
1846 1732 1933 1797 de
1966 1731 2258 1816 Spenser
2286 1741 2355 1797 et
2388 1728 2785 1821 R[obertus]
2815 1734 2899 1798 de
2933 1733 3192 1799 Baldok
3212 1731 3235 1770 ¹

522 1855 827 1939 precibus
865 1863 934 1920 et
986 1854 1243 1918 meritis
1291 1854 1742 1938 predictorum
1790 1853 2182 1918 nunciorum
2237 1864 2492 1921 mentes
2545 1854 3003 1920 informassent
3055 1855 3234 1920 suffi-

523 1977 788 2053 cienter,
835 1985 911 2040 ut
972 1975 1098 2060 ipsi
1152 1974 1503 2059 putabant,
1545 1974 1734 2058 quod
1788 1993 2057 2039 causam
2111 1975 2214 2038 sui
2263 1975 2589 2042 adventus
2636 1997 2767 2040 non
2816 1976 3237 2041 notificarent

523 2094 683 2179 regi,
739 2106 967 2162 tamen
1017 2096 1083 2160 in
1139 2117 1262 2161 suo
1315 2116 1574 2161 recessu
1621 2103 2018 2160 monuerunt
2064 2097 2301 2179 ipsum,
2348 2097 2535 2179 quasi
2588 2097 3013 2176 consulendo,
3056 2097 3237 2180 quod

522 2217 907 2301 homagium
947 2217 1236 2283 facturus
1266 2225 1423 2282 tunc
1476 2218 1615 2300 regi
1661 2237 1735 2281 se
1783 2226 2213 2301 presentaret.
2306 2217 2525 2302 Super
2555 2239 2686 2301 qua
2721 2219 3093 2283 monicione
3123 2239 3237 2282 seu

528 2339 849 2405 citacione
878 2337 1097 2404 dictus
1126 2338 1440 2403 dominus
1471 2338 1784 2403 Andreas
1815 2339 1901 2404 de
1928 2339 2294 2413 Florencia,
2326 2340 2439 2421 qui
2481 2339 2738 2405 Karolo
2763 2340 2889 2405 suit
2922 2340 3235 2416 notarius,

529 2460 805 2527 concilio
837 2461 1009 2545 regis
1047 2459 1431 2545 Anglorum
1477 2461 1606 2526 hoc
1651 2461 2018 2544 ignorante,
2062 2461 2219 2526 fecit
2260 2462 2647 2545 pupplicum
2704 2463 3237 2542 instrumentum,

530 2584 715 2647 cuius
757 2582 1005 2648 virtute
1036 2603 1158 2647 rex
1194 2582 1483 2661 Francie‚
1530 2592 1762 2647 contra
1802 2603 2027 2666 regem
2068 2580 2250 2646 sacto
2296 2603 2620 2665 processu,
2654 2593 2863 2649 terras
2894 2586 3243 2650 nonnullas

532 2705 619 2769 de
684 2705 926 2769 ducatu
985 2703 1319 2768 Vasconie
1379 2713 1448 2768 et
1507 2704 1898 2768 comitatum
1963 2703 2269 2768 Pontivie
2315 2705 2382 2767 in
2427 2725 2582 2768 suas
2627 2704 2952 2770 utilitates
2996 2707 3245 2772 fecerat

533 2825 783 2908 seysiri,
828 2845 984 2908 rege
1012 2824 1262 2907 Anglie
1291 2834 1583 2908 putante,
1614 2825 1783 2890 sicut
1825 2824 1949 2888 fuit
1992 2825 2399 2905 informatus,
2440 2826 2805 2909 predictam
2846 2829 3242 2894 citacionem

534 2967 669 3012 non
696 2946 984 3012 valuisse
1012 2946 1099 3010 de
1131 2945 1288 3010 iure.
1380 2946 1709 3010 Presatam
1742 2945 2052 3009 seisinam
2086 2965 2172 3010 ex
2206 2957 2396 3029 parte
2428 2945 2664 3010 Karoli
2696 2950 3034 3030 regnantis
3065 2951 3241 3035 cepit
3283 2957 3498 3035 Chanes
3520 2957 3580 3008 os

536 3068 675 3132 eius
700 3074 973 3151 patruus
996 3065 1286 3131 Karolus
1316 3067 1400 3130 de
1423 3066 1697 3149 ValoyS,
1727 3067 1828 3130 vir
1856 3066 2109 3132 habens
2141 3066 2467 3150 Anglicos
2492 3069 2785 3134 maxime
2807 3072 3092 3149 odiosos,
3125 3073 3238 3155 qui
3280 3025 3558 3166 {2¹23}oe-

538 3209 688 3253 cum
722 3208 967 3272 magno
1005 3188 1317 3264 exercitu,
1349 3186 1629 3271 fungens
1658 3187 1969 3253 affectata
2002 3187 2364 3270 legacione,
2392 3191 2719 3273 ⁴pretensis
2752 3192 2925 3273 regis
2969 3192 3239 3276 Anglie,
3280 3154 3550 3270 ffiffiesss

540 3319 613 3375 ut
645 3309 831 3374 ducis
859 3308 1291 3392 Aquitannie,
1324 3309 1781 3374 inobediencia
1812 3318 1881 3375 et
1909 3309 2225 3394 homagio
2254 3331 2387 3374 non
2427 3311 2617 3389 facto,
2650 3314 3040 3377 comitatum
3075 3314 3243 3377 Pon·
3282 3286 3521 3416 {ng-moi».

541 3432 700 3498 tivie
721 3440 792 3519 et
813 3438 1030 3495 totam
1061 3429 1418 3515 Agennam
1451 3431 1516 3495 in
1548 3430 1710 3496 utile
1728 3430 2097 3496 dominium
2129 3432 2302 3514 regis
2326 3433 2588 3515 nepotis
2611 3433 2991 3498 suiseisivit.
3071 3434 3244 3498 Tan·

541 3555 695 3618 dem
725 3551 1155 3637 progrediens
1176 3552 1262 3616 ad
1292 3550 1519 3616 villam
1551 3552 1638 3616 de
1669 3551 1951 3637 Regula,
1985 3553 2229 3618 invenit
2254 3573 2400 3618 eam
2425 3553 2765 3619 defensam
2796 3574 2913 3638 per
2945 3554 3242 3618 Edmun-

542 3676 704 3741 dum
749 3674 837 3739 de
865 3671 1297 3753 Wodoetoke,
1327 3692 1718 3757 germanum
1756 3673 1928 3756 regis
1971 3672 2224 3758 Anglie
2264 3684 2333 3739 et
2375 3675 2688 3739 comitem
2738 3674 3025 3755 Cancie3
3075 3676 3246 3741 inter

544 3816 715 3880 quos
734 3793 1019 3859 finaliter
1040 3793 1221 3859 initis
1252 3794 1519 3878 treugis,
1550 3794 1881 3860 duraturis
1906 3815 2023 3879 per
2053 3806 2320 3880 tempus
2344 3817 2477 3879 quo
2508 3805 2732 3879 posset
2763 3797 2847 3860 de
2884 3817 3047 3880 pace
3078 3798 3246 3862 inter
3283 3803 3331 3853 Α
3353 3811 3503 3854 truce.

547 3936 736 4001 reges
764 3915 1050 3993 tractari,
1081 3913 1341 3980 reddita
1370 3936 1637 3999 quoque
1665 3915 1843 3994 villa,
1889 3926 2168 3999 utraque
2205 3938 2356 4001 pars
2386 3917 2473 3980 ad
2510 3917 2777 4002 propria
2822 3918 3156 3983 remeavit.

718 4035 926 4100 Anno
986 4035 1438 4119 M.CCC.xxiij.‚
1488 4036 1795 4121 Rogerus
1847 4037 1931 4101 de
1985 4037 2259 4104 Mortuo
2321 4039 2505 4118 mari,
2564 4039 2905 4122 quondam
2966 4039 3031 4103 in
3083 4040 3244 4105 turri

551 4157 1025 4234 Londoniensi‚
1085 4165 1158 4224 ut
1216 4158 1516 4243 superius
1576 4158 1940 4234 dicebatur,
1988 4160 2442 4241 incarceratuS,
2502 4159 2756 4227 auxilio
2816 4162 3249 4243 proditorum,

1684 4294 1702 4326 ¹
1742 4295 1981 4352 Kaldok.
2032 4296 2098 4352 B.
