4154 4895
956 274 1039 323 20
1822 268 1873 325 C
1871 267 2195 327 HRONJC
2194 269 2316 326 ΟΝ
2367 269 2778 327 GALFMDI

604 479 917 585 aaz—uss.
958 469 1187 545 Marie,
1244 488 1421 534 anno
1482 466 1662 552 regni
1724 468 1896 552 regis
1955 467 2141 552 xviij.
2255 468 2344 534 Et
2397 470 2508 535 die
2570 469 2746 535 Iovis
2796 482 3110 553 sequente
3162 468 3660 557 prenominatus

957 585 1389 678 E[dwardus]
1452 590 1624 674 regis
1687 590 2165 675 primogenitus
2223 591 2397 675 cepit
2451 592 2818 675 enavigare,
2872 591 3122 658 habens
3165 613 3389 659 secum
3438 586 3658 679 ww·

604 723 909 790 mycena
956 703 1201 794 terum]
1247 707 1631 793 episcopum
1680 707 2130 773 Exoniensem
2176 719 2243 773 et
2288 707 2456 773 alios
2497 707 2751 775 nobiles
2799 709 2864 773 in
2911 730 3184 774 numero
3232 708 3658 793 competenti.

605 789 827 906 gom
959 824 1244 901 Exinde,
1288 824 1459 891 circa
1502 824 1739 889 festum
1782 824 1991 890 sancti
2042 823 2317 899 Mathei,
2363 824 2511 890 fecit
2556 825 2942 909 homagium
2988 826 3313 892 avunculo
3355 847 3477 892 suo
3521 823 3658 907 regi

605 920 907 1051 affl}
957 946 1013 1011 F
1016 946 1251 1019 rancie,
1279 945 1406 1010 sub
1442 944 2037 1029 protestacionibus
2065 945 2256 1010 factis
2291 966 2377 1053 εξ
2417 956 2692 1028 utraque
2725 957 2930 1029 parte.

605 1051 822 1184 3⁸¹²ss
1130 1064 1502 1150 Completis
1550 1066 1841 1149 negociis
1897 1087 2018 1149 pro
2072 1066 2314 1150 quibus
2369 1066 2432 1130 in
2492 1066 2837 1132 Franciam
2900 1066 3098 1133 missa
3157 1065 3365 1132 fuerat
3420 1065 3664 1151 regina.

603 1212 860 1249 mneos
955 1188 1183 1253 statim
1227 1200 1377 1271 post
1422 1187 1657 1252 festum
1697 1189 1905 1252 saneti
1952 1187 2299 1252 Michaelis
2326 1187 2584 1272 scripsit
2628 1189 2753 1254 sibi
2795 1189 2933 1253 eius
2974 1188 3266 1263 maritus,
3298 1187 3665 1272 precipiens

603 1264 870 1380 {Yam
955 1309 1136 1392 quod
1185 1307 1392 1372 filium
1439 1329 1630 1373 suum
1681 1308 1745 1372 in
1798 1307 2120 1392 Angliam
2173 1310 2508 1374 reduceret
2559 1329 2712 1374 cum
2767 1308 3204 1374 festinacione.
3301 1308 3664 1392 Rescripsit

605 1403 785 1511 m,
958 1430 1101 1514 ipsa
1145 1428 1417 1494 mulier¹
1459 1430 1639 1513 quod
1677 1430 1987 1494 dominus
2020 1450 2136 1493 rex
2179 1429 2454 1495 Francie
2498 1429 2694 1495 frater
2736 1451 2891 1495 suus
2932 1430 3137 1495 nimia
3172 1431 3448 1495 caritate
3479 1429 3656 1495 fove·

606 1541 808 1673 ςτξὲώ
958 1560 1056 1616 ret
1102 1550 1251 1615 illos
1279 1563 1345 1614 et
1377 1570 1596 1616 secum
1629 1550 1867 1615 invitos
1902 1549 2244 1623 detineret,
2277 1552 2467 1627 unde,
2507 1550 2775 1615 remissa
2819 1571 3060 1633 magna
3104 1564 3292 1634 parte
3333 1550 3666 1633 utriusque

605 1686 825 1724 “0⁰⁸⁶-
960 1670 1222 1747 familie,
1255 1672 1564 1736 residium
1610 1670 1781 1734 illius
1822 1672 1971 1737 anni
2015 1686 2194 1737 certa
2238 1672 2509 1754 negocia
2551 1693 2672 1755 pro
2713 1672 2952 1754 quibus
2991 1692 3077 1735 ex
3113 1672 3481 1737 intencione
3512 1690 3665 1756 pro-

609 1762 923 1881 Reffifflp
961 1792 1370 1858 ficiscebatur
1428 1793 1569 1876 ipsa
1631 1792 1968 1874 transegit.
2060 1787 2457 1880 W[altcrus]
2519 1792 2869 1876 episcopus
2939 1792 3335 1857 Exoniensis
3400 1812 3529 1857 non
3601 1792 3666 1856 in

610 1906 813 1947 “‘m
960 1912 1280 1995 Angliam
1336 1914 1545 1977 iussus
1592 1914 1820 1985 redire,
1864 1934 1905 1977 a
1943 1912 2287 1995 questione
2333 1925 2553 1977 tamen
2590 1914 2820 1978 secreti
2866 1912 3123 1978 concilii
3174 1913 3394 1995 regine
3437 1912 3670 1977 videm

960 2056 1033 2100 se
1091 2033 1383 2099 totaliter
1433 2045 1935 2115 sequestratum,
1990 2045 2089 2098 set
2140 2028 2542 2121 R[ogcrum]
2590 2035 2674 2098 de
2724 2033 3071 2099 Mortimer
3114 2046 3180 2098 et
3227 2033 3394 2098 alios
3441 2032 3664 2117 prosu·

961 2168 1156 2239 gatos
1193 2155 1363 2237 regis
1393 2153 1641 2219 domini
1682 2155 1782 2218 sui
1823 2155 2123 2219 inimicos
2165 2154 2381 2219 locum
2413 2176 2603 2219 suum
2642 2156 2862 2238 quoad
2902 2154 3122 2237 regine
3151 2154 3666 2219 familiaritatem

962 2296 1327 2359 usurpasse,
1364 2273 1534 2340 clam
1579 2274 1974 2358 repatriavit.
2067 2273 2630 2340 Commovebatur
2677 2274 2924 2357 Anglia
2962 2276 3046 2339 de
3093 2275 3313 2357 regine
3353 2296 3535 2339 mora
3579 2276 3668 2340 ad

966 2396 1135 2479 regis
1193 2394 1682 2480 displicenciam
1748 2406 1940 2460 extra
2001 2416 2272 2478 regnum
2335 2394 2542 2461 filium
2601 2416 2792 2460 suum
2846 2396 3218 2474 detinentis,
3269 2396 3669 2481 quibusdam

964 2516 1406 2582 asserentibus
1450 2518 1629 2599 quod
1688 2516 1871 2580 inviti
1926 2517 2408 2592 detinebantur,
2455 2517 2603 2581 aliis
2665 2517 3138 2583 conicientibus
3188 2519 3368 2602 quod
3426 2517 3673 2584 illicitis

965 2632 1429 2717 complexibus
1462 2628 1813 2720 R[ogcri]²
1836 2634 1919 2697 de
1942 2633 2213 2698 Mortuo
2247 2635 2407 2698 mari
2434 2634 2724 2711 delinita,
2752 2654 2902 2699 cum
2927 2635 3072 2718 ipso
3101 2649 3166 2699 et
3199 2635 3345 2700 aliis
3379 2634 3674 2719 profugis

970 2753 1346 2838 Anglorum
1398 2774 1566 2836 quos
1625 2755 1688 2819 in
1746 2755 2019 2821 Francia
2070 2755 2394 2839 reperivit,
2443 2755 2650 2820 noluit
2706 2757 2954 2830 redire;
3013 2769 3112 2822 set
3166 2756 3288 2822 has
3339 2769 3403 2820 et
3464 2755 3672 2820 alias⁸

971 2895 1201 2941 causas
1272 2877 1563 2940 diversas
1635 2876 2030 2958 quibusdam
2107 2876 2318 2952 falsas,
2378 2877 2771 2959 quibusdam
2845 2897 3002 2941 vero
3063 2876 3456 2960 semiplenas
3525 2897 3672 2960 pre-

971 2996 1408 3072 tendentibus,
1472 2996 1766 3080 episcopi
1843 2996 2318 3062 Lincolnicnsis
2377 3011 2442 3062 ct
2507 2997 3025 3074 ilerefordensis,
3105 2998 3346 3064 conscii
3415 2999 3672 3078 negocii

969 3119 1155 3184 cuius
1228 3117 1423 3183 finem
1497 3119 1874 3202 expectavit
1942 3120 2108 3184 irata
2181 3120 2428 3202 virago,
2502 3118 2900 3185 consciencie
2972 3133 3292 3184 secretum
3367 3118 3674 3183 dissimu-

971 3239 1207 3305 larunt.

623 3373 933 3424 muso.
1145 3361 1459 3428 Vindicta
1508 3362 1846 3426 muliebris
1888 3360 2085 3426 anni⁴
2132 3361 2481 3446 dispendio
2529 3361 2659 3425 iam
2707 3360 3105 3444 excogitata,
3136 3358 3409 3426 cilicem
3447 3360 3674 3444 propi·

972 3483 1268 3548 nandum
1300 3503 1569 3547 suorum
1602 3494 1977 3547 amatorum
2008 3483 2313 3548 consultu
2348 3481 2633 3546 finaliter
2665 3481 3059 3565 preparavit.
3153 3479 3229 3545 In
3264 3479 3390 3546 fine
3421 3481 3676 3565 quippe

622 3607 911 3672 Theqneen
973 3605 1127 3670 anni
1186 3604 1630 3686 Hanegondie
1678 3605 1743 3669 in
1801 3617 2022 3687 partes
2077 3604 2299 3686 regina
2349 3603 2660 3686 profecta,
2710 3603 2837 3667 toti
2902 3602 3152 3666 mundo
3213 3601 3420 3666 filium
3481 3623 3676 3666 suum

624 3675 899 3786 ζιυοιὲηὴῗο
971 3725 1328 3790 amabilem
1366 3746 1444 3790 ac
1481 3724 1968 3790 formidabilem
2011 3726 2259 3807 absque
2298 3724 2577 3789 concilio
2622 3743 2966 3808 procerum
3001 3721 3436 3804 Anglicorum
3481 3725 3674 3786 mari·

628 3803 939 3918 limile&
974 3847 1159 3918 tavit,
1201 3848 1466 3912 comitis
1512 3846 1817 3911 lianonie
1874 3845 2076 3910 filiam
2133 3825 2506 3928 philippam
2570 3845 2692 3909 sibi
2748 3845 3154 3926 coniungens
3207 3845 3479 3928 nuptiis.
3521 3843 3676 3911 licet

976 3967 1359 4033 inconsultis
1402 3980 1697 4032 attamen
1741 3967 1945 4052 prolis
1991 3967 2341 4031 nobilitate
2394 3965 2755 4048 multigena
2793 3985 3094 4030 successu
3149 3977 3418 4049 postero
3466 3965 3676 4030 beati·

976 4088 1207 4162 neatis,
1241 4101 1310 4153 ut
1346 4110 1464 4152 suo
1495 4088 1641 4155 loco
1674 4089 1956 4174 patebit.
2046 4087 2398 4172 Colligitur
2429 4088 2761 4152 exercitus
2793 4099 3200 4150 armatorum
3233 4086 3318 4151 de
3365 4084 3678 4152 Harmonia

1154 4224 1168 4257 ⁸
1208 4226 1438 4282 mulieri.
1480 4227 1542 4282 B.
1830 4225 1849 4260 ¹
1883 4237 1957 4285 et.
2006 4227 2069 4281 B.
2355 4224 2374 4256 ³
2414 4226 2520 4280 hiis
2547 4237 2600 4280 et
2628 4225 2768 4282 aliis.
2815 4225 2874 4279 B.
3162 4223 3182 4254 ⁴
3219 4239 3388 4278 anno.
3431 4223 3492 4278 B.
