4154 4895
1218 295 1330 350 LE
1371 293 1667 349 BAKER
1710 292 1833 347 DE
1872 288 2496 346 SWYNEBROKE.
3087 293 3207 363 153

504 498 957 572 excerebrans,
1015 496 1183 561 alios
1228 493 1652 569 confodiens3
1720 493 1847 557 hiis
1892 513 2008 557 ora
2057 492 2370 556 rescindit
2423 497 2542 554 aut
2593 489 2793 555 facies
2838 490 3209 569 contundit,
3247 474 3558 554 anasse.

506 620 654 684 illos
685 619 1022 696 eviscerat,
1053 617 1381 701 quosdam
1415 616 1763 680 detruncat
1790 639 1805 678 ε
1852 634 1971 698 per
2016 615 2243 677 omnia
2289 622 2667 677 monstrans
2713 613 2894 695 quod
2927 633 2969 676 a
3001 611 3207 694 regali

505 741 732 825 stipite
766 738 1041 804 Francie
1071 758 1203 802 non
1236 737 1506 803 omnino
1537 735 1985 819 degeneravit.
2080 733 2201 799 Set
2243 735 2536 807 tandem,
2581 733 2845 797 fortuna
2886 744 3032 798 rote
3062 754 3206 797 ver·
3250 738 3361 853 Tfhe
3383 736 3508 803 king

509 863 785 945 tiginem
830 859 1286 943 precipitante,
1319 856 1562 921 Wallie
1603 857 1910 940 princeps
1957 856 2159 920 intrat
2213 856 2277 917 in
2327 854 2553 919 hostes
2592 862 2680 929 et,
2713 855 2899 937 quasi
2949 854 3211 918 leonina
3250 805 3517 921 &gance

508 1004 665 1047 seva
721 980 1185 1063 generositate,
1245 978 1515 1044 domitis
1568 977 1887 1061 superbis,
1932 976 2139 1061 parcit
2191 976 2505 1040 subiectis
2564 987 2631 1041 et
2688 977 2865 1058 cepit
2912 977 3209 1041 coronati
3249 950 3487 1002 prisoner.

510 1104 945 1169 dedicionem.

688 1223 962 1288 Interim
1027 1220 1265 1286 Gallici
1333 1241 1452 1303 per
1511 1240 1662 1286 rura
1726 1219 2017 1286 Pictavie
2069 1221 2370 1305 spaciose
2424 1220 2666 1298 diffusi,
2721 1220 3213 1285 considerantes

512 1345 1006 1429 depressionem
1079 1342 1480 1408 stacionardi
1555 1341 1765 1417 liliati,
1836 1342 1993 1425 suga
2052 1342 2470 1407 velocissima
2529 1342 2813 1407 vicinam
2874 1342 3211 1407 civitatem

513 1467 870 1555 pecierunt.
938 1463 1208 1547 Anglici
1232 1485 1406 1539 vero,
1431 1463 1671 1527 nullius
1690 1461 1733 1542 ¹,
1758 1465 2060 1546 quamvis
2080 1464 2433 1528 orribiliter
2460 1435 2756 1538 sauciati,
2786 1483 2906 1528 nec
2942 1463 3215 1528 alicuius
3255 1467 3539 1597 52³3ssss

516 1587 780 1666 laboriS‚
810 1584 965 1651 licet
995 1585 1279 1668 graviter
1308 1586 1555 1662 vexati,
1590 1606 1707 1668 pre
1741 1585 1989 1667 gaudio
2008 1586 2146 1649 vite
2168 1585 2578 1668 victorieque
2603 1586 2953 1662 recordati,
2986 1583 3217 1651 Gallos
3542 1569 3554 1583 ⁵

515 1709 779 1792 fugaces
835 1706 921 1772 ad
968 1715 1197 1790 portas
1263 1707 1681 1771 Pictavenses
1742 1707 2327 1789 persequebantur.
2423 1706 2561 1771 Ubi
2624 1707 2984 1771 certamine
3045 1707 3216 1790 peri-

517 1828 745 1895 culoso
795 1829 964 1892 bene
1007 1823 1678 1909 verberatos²'strage
1710 1847 1953 1910 magna
1985 1825 2297 1892 fuderunt
2333 1826 2816 1910 Francigenas;
2887 1838 2954 1891 et
3000 1827 3213 1892 multo

518 1948 738 2033 plures
768 1948 1216 2033 peremissent,
1247 1948 1302 2011 si
1334 1967 1467 2011 non
1500 1947 1773 2012 fuissent
1812 1947 2269 2030 diligenciores
2309 1947 2396 2012 ad
2443 1957 2786 2030 capturam
2831 1948 3050 2032 precio
3081 1950 3219 2014 vite

521 2071 1079 2144 redimendorum,
1112 2089 1314 2152 quam
1346 2069 1520 2134 circa
1549 2067 1965 2151 triumphum
1997 2068 2451 2153 principalem.

738 2190 1051 2268 Demum,
1097 2187 1407 2273 clangore
1452 2190 1762 2254 tubarum
1811 2190 2057 2254 nostris
2107 2189 2173 2253 in
2220 2209 2428 2253 unum
2475 2192 2817 2269 revocatis,
2879 2211 2997 2274 per
3055 2211 3213 2255 arva

523 2309 892 2393 paviliones
944 2320 1012 2375 et
1059 2312 1347 2375 tentoria
1400 2309 1709 2393 figuntur,
1769 2320 1835 2374 et
1898 2330 2052 2374 cure
2102 2310 2590 2387 wlneratorum,
2621 2311 2830 2394 quieti
2876 2311 3217 2389 fessorum,

522 2430 732 2498 tutele
797 2441 1166 2515 captorum,
1234 2431 1762 2515 recreacionique
1825 2430 2306 2509 famelicorum,
2355 2441 2501 2497 tota
2561 2453 2751 2498 coors
2815 2433 3049 2499 alacris
3118 2434 3217 2498 in-

523 2552 766 2627 dulsit3
832 2553 1063 2630 donec,
1117 2563 1429 2637 percepto
1481 2552 1662 2636 quod
1717 2554 1803 2618 de
1863 2573 1983 2617 sua
2043 2554 2359 2618 comitiva
2412 2551 2765 2620 defuerunt
2817 2556 2913 2619 eis
2972 2556 3223 2619 honore

527 2674 793 2739 militari
863 2674 1138 2757 digressi
1203 2674 1342 2751 viri,
1414 2695 1535 2758 pro
1594 2675 1836 2757 quibus
1908 2674 2320 2757 requirendis
2385 2684 2452 2737 et
2517 2674 2683 2740 vivis
2757 2688 2873 2742 aut
2949 2677 3226 2741 mortuis

529 2796 592 2859 in
655 2803 871 2861 castra
918 2795 1237 2860 ducendis
1283 2795 1537 2878 pietate
1575 2794 1756 2878 pleni
1793 2795 2228 2860 destinantur.
2320 2796 2546 2879 Igitur,
2602 2806 2675 2861 ut
2727 2798 3027 2881 quisquis
3074 2817 3228 2881 egre
3265 2811 3444 2864 Seueh
3469 2813 3543 2862 sor

528 2916 681 2981 tulit
712 2916 1001 2980 absentis
1030 2915 1224 2981 amici
1256 2916 1640 2999 periculum,
1670 2917 1767 2982 sic
1797 2915 2073 2980 festinus
2101 2905 2187 2980 ad
2222 2917 2544 2982 Marcium
2577 2938 2887 3002 campum
2919 2919 3229 3003 querulus
3265 2880 3526 2995 &gaudem

529 3037 772 3114 currit;
819 3045 887 3102 et
934 3037 1101 3100 inter
1142 3056 1417 3120 aggeres
1463 3037 1828 3103 occisorum
1873 3038 2285 3120 reperiuntur
2328 3037 2442 3101 vix
2488 3039 2910 3123 palpitanteS,
2948 3040 3062 3122 qui
3107 3061 3229 3124 pro

536 3158 788 3223 iusticia
822 3158 994 3241 regis
1022 3157 1396 3240 Anglorum
1430 3167 1497 3222 et
1528 3156 1797 3223 honoris
1828 3158 2209 3242 principalis
2242 3159 2632 3241 integritate,
2669 3170 2769 3224 set
2802 3169 2871 3225 et
2901 3162 3231 3232 exercitus

535 3287 683 3343 tuta
728 3279 963 3356 salute,
1009 3291 1280 3344 strenuo
1336 3279 1581 3356 labore,
1625 3278 2025 3344 tabefactivo
2073 3289 2246 3344 teste
2299 3281 2556 3358 sudore,
2605 3282 3034 3364 consumpti³,
3080 3302 3229 3346 san-

534 3400 801 3484 guinem
843 3398 1180 3483 proprium
1220 3399 1400 3483 large
1430 3398 1757 3464 fuderunt.
1848 3398 2155 3482 Quorum
2200 3400 2496 3464 nonnulli
2529 3400 2783 3465 nobiles
2823 3403 3080 3468 animas
3110 3423 3232 3486 pro

533 3520 764 3585 amicis
795 3528 1175 3602 posuerunt,
1206 3520 1666 3603 premiumque
1697 3521 1990 3584 maxime
2030 3521 2342 3599 caritatis,
2374 3522 2618 3587 sanctis
2649 3524 2989 3605 promissis
3035 3524 3236 3588 invic-

541 3641 793 3706 tissime
821 3641 1138 3718 veritati8‚
1169 3661 1370 3724 regna
1407 3642 1675 3707 celestia
1710 3641 2058 3707 victoriose
2091 3653 2494 3732 receperunt.

712 3761 896 3826 Inter
927 3761 1278 3826 semivivos
1309 3762 1422 3825 vix
1456 3762 1792 3826 anelantes
1825 3773 2122 3846 repertus
2152 3764 2461 3827 dominus
2494 3762 2778 3829 Iacobus
2810 3764 3235 3850 Dawdeleye,
3275 3777 3411 3828 Lord

542 3884 681 3949 lato
734 3892 924 3948 scuto
978 3882 1454 3965 superpositus,
1498 3883 1812 3965 piissimis
1856 3882 2142 3950 brachiis
2193 3884 2724 3950 commilitonum
2774 3886 2959 3950 fessis
3009 3887 3236 3965 fessus,
3275 3844 3545 3974 anuffiby

541 4003 782 4070 sauciis
826 4004 1102 4082 saucius,
1139 4004 1426 4069 cruentis
1472 4004 1815 4087 exanguiS,
1844 4005 1932 4068 ad
1973 4006 2295 4089 ospicium
2328 4005 2643 4089 principis
2682 4005 2906 4071 fertur.
3000 4007 3236 4073 Inven-
3277 3976 3362 4091 3ἔο
3418 3975 3552 4092 2⁰02?

540 4125 711 4191 tario
770 4135 911 4189 tam
972 4125 1275 4207 precioso
1335 4133 1482 4190 tota
1542 4124 1790 4190 familia
1858 4126 2106 4191 sedulis
2165 4127 2339 4191 votis
2397 4125 2906 4209 obsequebatur,
2968 4129 3240 4214 ipseque

785 4250 805 4284 ¹
843 4252 1019 4309 ullius.
1064 4255 1128 4309 B.
1580 4252 1602 4284 ²
1638 4254 1930 4311 verberati.
1969 4257 2033 4310 B.
2482 4250 2506 4284 ⁸
2540 4242 2897 4326 consumpc'o.
2926 4258 2991 4313 B.

1844 4383 1894 4432 X
