4154 4895
694 1642 732 1690 l.
757 1644 879 1691 140.

989 1050 2079 1150 CHRONICULUM
2162 1052 2864 1149 GALFRIDI
2949 1055 3129 1151 LE
3199 1056 3700 1153 BAKER

1684 1275 1880 1371 DE
1963 1276 2990 1376 SWYNEBROKE.

1162 1643 1247 1707 IN
1288 1643 1652 1727 primordio
1696 1643 2034 1726 temporis,
2074 1655 2232 1709 ante
2273 1664 2543 1709 omnem
2583 1646 2784 1722 diem,
2819 1644 3004 1709 Deus
3045 1656 3235 1729 pater
3269 1646 3332 1709 in
3377 1646 3582 1709 verbo
3626 1660 3692 1709 et

985 1783 1102 1846 per
1131 1764 1406 1830 verbum
1437 1784 1631 1829 suum
1663 1764 1816 1829 fecit
1858 1785 1944 1829 ex
1977 1763 2222 1830 nichilo
2253 1784 2466 1829 rerum
2497 1764 2794 1829 omniurn
2829 1764 3195 1839 materiam,
3227 1785 3428 1849 quarn
3461 1776 3700 1849 postea

985 1905 1103 1968 per
1130 1884 1217 1967 vj.
1248 1885 1392 1949 dies
1420 1885 1637 1949 varios
1678 1884 1987 1949 distinxit
2026 1898 2230 1968 atque
2270 1886 2548 1950 ornavit.
2641 1885 2886 1952 Tribus
2931 1885 3157 1969 itaque
3198 1885 3427 1969 primis
3454 1884 3698 1950 diebus

985 2025 1133 2069 eam
1165 2005 1536 2089 disposuit3
1592 2006 1934 2088 tribusque
1975 2006 2406 2088 sequentibus
2440 2008 2723 2072 eandem
2764 2007 3044 2071 ornavit.
3111 2005 3422 2091 Septimo
3449 2006 3562 2072 die
3601 2008 3694 2071 ab

985 2125 1166 2191 omni
1213 2146 1414 2208 opere
1457 2126 1635 2209 quod
1677 2125 1919 2191 fecerat
1964 2126 2305 2209 requievit.

1164 2245 1387 2311 Primo
1432 2266 1721 2329 namque
1766 2246 1875 2311 die
1921 2246 2075 2311 fecit
2124 2247 2312 2312 Deus
2357 2246 2570 2311 lucem
2619 2247 2683 2311 in
2733 2248 3005 2312 modum
3053 2246 3270 2312 lucide
3317 2245 3530 2321 nubis,
3560 2267 3694 2330 que

986 2367 1129 2431 vice
1160 2366 1320 2431 solis
1348 2378 1499 2431 ortu
1530 2386 1653 2430 suo
1685 2366 1866 2431 diem
1899 2366 2141 2432 faceret
2175 2377 2242 2433 et
2273 2388 2510 2433 occasu
2551 2389 2674 2432 suo
2707 2380 2970 2433 noctem
3015 2368 3349 2433 induceret
3377 2394 3393 2443 ς
3439 2378 3506 2433 et
3538 2386 3692 2433 cum

988 2488 1114 2553 ista
1162 2487 1307 2553 luce
1351 2487 1569 2572 primo
1613 2489 1722 2552 die
1767 2488 1967 2553 croeti
2014 2498 2169 2553 sunt
2213 2488 2453 2573 angeli.

1161 2608 1471 2674 Secundo
1521 2609 1630 2673 die
1678 2607 1829 2674 fecit
1897 2609 2081 2673 Deus
2131 2610 2626 2675 firmamentum
2674 2611 2740 2675 in
2794 2611 3018 2675 medio
3068 2630 3409 2695 aquarum,
3463 2611 3530 2675 id
3590 2625 3694 2675 est

986 2731 1325 2813 quandam
1400 2729 1805 2794 exteriorem
1873 2731 2104 2794 mundi
2171 2730 2584 2814 superficiem
2646 2752 2732 2797 ex
2794 2731 2986 2815 aquis
3047 2731 3430 2816 congelatis.
3491 2731 3697 2796 instar

986 2849 1256 2916 cristalli
1288 2849 1642 2915 solidatam
1688 2863 1754 2914 et
1798 2848 2225 2935 perlucidam,
2257 2851 2426 2917 intra
2465 2874 2538 2916 se
2582 2863 2800 2917 cetera
2841 2850 3174 2917 sensibilia
3221 2852 3694 2916 continentem.

990 2971 1079 3038 Et
1120 2971 1360 3037 dicitur
1400 2970 1910 3044 firmamentum,
1956 2993 2087 3036 non
2137 2982 2396 3037 tantum
2443 2985 2717 3058 propter
2759 2971 3182 3048 soliditatem,
3217 2985 3319 3038 set
3363 2973 3518 3057 quia
3562 2987 3692 3036 ter·

988 3095 1204 3158 minus
1249 3102 1350 3158 est
1401 3113 1744 3177 aquarum,
1796 3113 1927 3175 que
1968 3114 2165 3177 super
2205 3095 2418 3177 ipsum
2463 3104 2635 3170 sunt,
2684 3094 2910 3158 firmus
2945 3105 3013 3159 et
3061 3093 3688 3178 intransgressibilis.

988 3214 1240 3280 Dicunt
1269 3216 1537 3298 quidam
1571 3215 1749 3299 quod
1784 3215 1914 3280 isto
1943 3215 2050 3279 die
2095 3213 2358 3281 Lucifer
2392 3215 2670 3298 angelus
2700 3227 2903 3298 atque
2932 3212 3063 3290 alii,
3091 3215 3204 3299 qui
3247 3236 3370 3278 suo
3411 3217 3694 3280 concilio

985 3348 1473 3410 consenserunt,
1506 3340 1593 3402 de
1638 3336 1782 3401 celo
1825 3347 1981 3401 aunt
2024 3335 2254 3414 eiecti3
2301 3348 2369 3401 et
2416 3337 2567 3401 ideo
2612 3336 2772 3401 feria
2818 3335 3107 3400 secunda
3153 3337 3239 3401 de
3281 3337 3534 3420 angelis
3577 3339 3690 3421 qui

988 3469 1439 3522 remanserunt
1474 3457 1537 3521 in
1568 3456 1903 3541 aliquibus
1938 3457 2232 3522 ecclesiis
2265 3457 2462 3520 missa
2491 3455 2878 3522 celebratur.

1158 3577 1398 3642 Tercio
1440 3578 1552 3642 die
1596 3577 2025 3661 congregavit
2079 3578 2262 3643 Deus
2304 3597 2532 3661 aquas,
2561 3598 2692 3661 que
2738 3577 2860 3643 sub
2906 3576 3327 3643 firmamento
3373 3593 3580 3656 erant,
3626 3581 3690 3644 in

990 3718 1192 3764 unum
1227 3698 1489 3776 locum3
1535 3709 1602 3764 et
1634 3708 1791 3765 tunc
1835 3699 2144 3783 apparuit
2183 3698 2386 3774 arida,
2419 3700 2484 3763 id
2526 3710 2624 3763 est
2669 3710 2861 3764 terra.
2955 3697 3413 3783 Produxitque
3451 3701 3690 3765 eodem

988 3821 1099 3886 die
1130 3819 1403 3884 herbam
1435 3820 1757 3884 virentem
1801 3830 1867 3884 et
1906 3817 2254 3885 facientem
2294 3841 2540 3898 semen,
2572 3820 2953 3904 lignumque
2995 3819 3413 3904 pomiferum,
3445 3820 3694 3886 faciens

987 3941 1272 4007 fructum
1318 3941 1681 4006 secundum
1726 3959 1936 4024 genus
1980 3961 2194 4005 suum.

1162 4061 1423 4146 Quarto
1454 4063 1564 4126 die
1592 4081 1724 4145 que
1754 4060 2171 4145 disposuerat
2213 4061 2386 4144 cepit
2420 4082 2695 4136 ornare;
2742 4075 2810 4127 et
2842 4061 3008 4126 sieut
3042 4060 3552 4146 disposicionem
3597 4063 3688 4126 sic

986 4197 1289 4250 ornatum
1322 4205 1363 4248 a
1395 4183 1837 4267 superioribus
1879 4182 2231 4256 inchoavit,
2262 4181 2504 4248 scilicet
2554 4205 2591 4246 a
2641 4181 3079 4247 firmamento.
3175 4181 3356 4248 Fecit
3393 4183 3570 4247 enim
3609 4205 3688 4247 ea
