4154 4895
1235 308 1346 361 LE
1389 308 1681 363 BAKER
1724 308 1846 363 DE
1887 309 2511 367 SWYNEBROKE.
3139 323 3225 386 49

516 526 691 570 anno
737 504 988 590 quinto,
1033 505 1243 571 tenuit
1304 527 1422 570 rex
1482 505 1910 591 solempniter
1966 506 2213 571 Natale
2264 509 2443 591 apud
2505 506 2814 572 Welliam
2875 527 3082 591 usque
3139 506 3226 572 ad
3263 530 3406 579 Am.
3423 530 3578 584 1831.

517 625 984 712 Epiphaniam,
1017 627 1129 691 ubi
1163 626 1412 691 fiebant
1458 626 1669 693 multa
1718 627 2044 693 mirabilia
2074 638 2485 713 sumptuosa.
3263 658 3546 709 Christmas

690 747 784 812 Et
820 748 991 814 circa
1023 748 1260 812 festum
1299 749 1507 813 sancti
1542 747 1888 813 Laurencii
1928 749 2241 834 proximo
2273 770 2550 832 sequens
2584 749 2764 815 venit
2803 749 2868 813 in
2900 748 3223 834 Angliam
3261 725 3577 859 Ϊέῗὲζῗ.

514 867 823 933 dominus
869 869 1239 934 Edwardus
1285 869 1370 933 de
1415 867 1673 952 Baylol,
1719 868 1891 933 filius
1936 880 2003 935 et
2032 870 2220 935 heres
2268 871 2582 937 Iohannis
2627 871 2798 956 regis
2852 870 3222 948 Scotorum,
3260 895 3339 944 Ex
3443 896 3568 945 550„

514 991 870 1073 quondam,
904 1001 977 1055 ut
1006 991 1259 1055 dictum
1297 1000 1414 1067 est,
1447 990 1757 1055 exulatus
1778 989 1821 1069 ¹,
1853 991 2196 1057 declarans
2228 993 2328 1056 ius
2366 994 2547 1076 quod
2578 992 2812 1057 habuit
2851 993 2916 1056 in
2948 1012 3222 1076 regnum
3261 960 3574 1076 ἓξηῑοῗῗζῗο

516 1108 786 1189 Scocie;
827 1111 931 1176 cui
968 1113 1320 1175 adeserunt
1351 1111 1661 1176 dominus
1702 1111 2031 1176 Henricus
2067 1112 2154 1176 de
2193 1111 2381 1178 Bello
2407 1124 2633 1179 monte
2657 1123 2724 1178 et
2750 1113 2973 1178 David
3000 1132 3223 1179 comes
3261 1091 3514 1143 Seotland.

516 1230 788 1295 Dassels
832 1241 899 1296 et
948 1232 1272 1297 Ricardus
1318 1231 1604 1298 Talebot
1650 1243 1717 1297 et
1760 1232 2071 1298 dominus
2121 1233 2448 1298 Radulfus
2507 1234 2594 1298 de
2653 1232 2949 1299 Stafford
3009 1234 3173 1298 baro
3197 1231 3224 1270 ²

513 1361 581 1415 et
619 1352 823 1418 Fulco
860 1351 1032 1417 filius
1068 1352 1388 1417 Willelmi
1425 1362 1490 1417 et
1530 1353 1718 1416 multi
1756 1353 1867 1417 alii
1899 1353 2172 1431 nobiles,
2209 1363 2573 1418 asserentes
2608 1375 2680 1418 se
2718 1354 2817 1418 ius
2854 1354 3098 1419 habere
3133 1354 3222 1419 ad

514 1482 720 1538 terras
766 1484 832 1537 et
880 1475 1326 1558 possessiones
1374 1474 1439 1537 in
1486 1474 1667 1539 dicto
1712 1495 1915 1557 regno
1948 1473 2200 1552 Scocie,
2233 1475 2371 1539 iure
2401 1474 2803 1541 hereditario
2846 1476 2950 1540 vel
2982 1476 3220 1541 dotum

515 1616 800 1660 uxorum
846 1616 1112 1660 suarum
1157 1595 1283 1659 sibi
1330 1595 1609 1673 debitas,
1654 1604 1754 1659 set
1790 1616 1908 1679 per
1953 1604 2296 1679 magnates
2334 1594 2568 1661 Scocie
2613 1597 2914 1661 detentas
2960 1597 3219 1660 iniuste.

515 1688 714 1780 Unde
744 1716 1157 1800 postularunt
1190 1716 1531 1781 licenciam
1562 1725 1629 1780 et
1661 1716 1985 1780 auxilium
2023 1737 2064 1781 a
2097 1737 2250 1800 rege
2285 1715 2534 1799 Anglie
2571 1737 2847 1800 regnum
2887 1728 2953 1780 et
2991 1717 3223 1800 predia

509 1838 637 1902 sibi
675 1838 901 1903 debita
931 1838 1379 1922 recuperandi.
1467 1837 1718 1903 Verum
1764 1858 1884 1901 rex
1918 1835 2185 1920 Anglie‚
2222 1838 2790 1921 contemplacione
2825 1838 3008 1922 pacis
3054 1837 3223 1901 inter

511 1979 712 2042 regna
755 1979 963 2043 nuper
1006 1957 1181 2024 facte
1225 1970 1424 2041 atque
1469 1958 1710 2023 sororis
1756 1979 1872 2022 sue
1917 1959 2139 2041 regine
2185 1957 2435 2036 Scocie,
2482 1978 2612 2024 non
2657 1958 2957 2043 permisit
2995 1957 3220 2043 ipsos⁸

512 2100 629 2163 per
688 2087 929 2144 terram
991 2100 1179 2144 suam
1234 2079 1506 2163 aggredi
1556 2077 1859 2144 Scociam
1903 2098 2055 2143 cum
2105 2100 2303 2144 manu
2362 2088 2787 2145 armatorum.
2864 2079 3220 2164 Propterea

510 2200 762 2265 domini
836 2201 1115 2285 predicti
1190 2201 1364 2265 nacti
1439 2200 1800 2283 navigium,
1875 2220 2055 2264 mare
2130 2200 2490 2283 Anglicum
2554 2200 2844 2284 ingressi,
2912 2199 3218 2265 Scociam

510 2320 903 2387 velificando
948 2322 1305 2406 pecierunt,
1338 2330 1403 2385 et
1434 2322 1613 2405 apud
1654 2319 2068 2386 Clinkhorn⁴
2108 2322 2299 2385 iuxta
2329 2320 2668 2385 abathiam
2701 2322 2787 2386 de
2823 2320 3217 2386 Donferme-

512 2442 649 2507 lin⁶
695 2443 891 2509 litora
943 2453 1360 2528 capescentes
1422 2463 1736 2527 magnam
1799 2442 2243 2507 resistenciam
2304 2452 2371 2507 et
2434 2442 2771 2527 inopinam
2826 2440 3217 2508 habuerunt.

513 2563 630 2630 Set
685 2566 943 2649 pedites
987 2549 1257 2648 Anglici
1305 2565 1496 2649 pauci
1550 2585 1841 2642 numero,
1902 2565 2173 2629 celerius
2226 2576 2468 2629 terram
2519 2564 2946 2649 applicantes,
2986 2584 3216 2629 omnes

512 2684 748 2752 Scotos
795 2686 1026 2752 obvios
1072 2687 1528 2770 compulerunt
1576 2687 1640 2749 in
1700 2686 1925 2768 fugam
1972 2682 2130 2750 'cum
2179 2684 2440 2750 illorum
2487 2685 2784 2762 ducibus,
2829 2684 3072 2751 comite
3131 2687 3217 2749 de

511 2806 677 2890 Fyse
715 2818 782 2872 et
821 2807 1121 2872 Roberto
1161 2808 1220 2871 le
1254 2808 1420 2871 Brus
1440 2807 1483 2885 ⁶,
1515 2806 1652 2872 filio
1686 2802 2030 2894 R[oberti]
2066 2808 2404 2889 quondam
2437 2805 2651 2889 regis⁷
2678 2830 2695 2885 3
2741 2815 2827 2883 et,
2858 2815 3213 2889 antequam

509 2929 835 2993 exercitus
880 2940 1285 2994 armatorum
1329 2930 1415 2993 ad
1463 2929 1617 2992 litus
1664 2937 1923 3012 poterat
1971 2928 2269 2993 incedere
2328 2927 2646 3005 ordinate,
2708 2926 2933 2990 multis
2995 2925 3215 2992 Scotis

511 3047 881 3126 intersectis,
911 3049 1158 3114 vexilla
1198 3050 1513 3114 Edwardi
1553 3047 1791 3132 Baylol
1837 3057 1903 3112 et
1949 3048 2231 3113 aliorum
2292 3048 2713 3113 dominorum
2759 3048 2938 3132 apud
2985 3047 3214 3134 Deop-

506 3169 792 3253 plinmor
828 3168 1098 3253 pacifice
1133 3180 1285 3234 sunt
1327 3169 1531 3235 affixa
1550 3167 1595 3233 ⁸.
1688 3169 1924 3234 Postea
1972 3189 2147 3246 vero,
2198 3168 2306 3232 die
2353 3169 2563 3233 sancti
2623 3168 2990 3245 Laurencii,
3032 3171 3212 3253 apud
3253 3190 3403 3241 Total

511 3289 949 3356 Glastimore⁹
997 3291 1366 3356 habuerunt
1424 3311 1693 3374 gravem
1746 3290 2144 3367 conflictum,
2191 3289 2302 3353 ubi
2350 3291 2485 3355 duo
2531 3289 2713 3354 milia
2770 3287 3208 3371 Anglicorum
3250 3257 3517 3383 ῗζζεέἓᾷ

505 3412 800 3476 vicerunt
829 3412 1273 3496 quadraginta
1312 3412 1492 3476 milia
1532 3412 1906 3490 Scotorum,
1936 3433 2052 3496 pre
2098 3410 2523 3475 multitudine
2557 3420 2623 3474 et
2663 3429 2964 3494 pressura
3000 3409 3208 3474 eciam
3257 3390 3489 3516 ’0τρῧὲέο

506 3553 577 3597 se
610 3533 788 3617 ipsos
817 3533 1362 3616 opprimencium,
1392 3535 1477 3599 de
1505 3534 1746 3616 quibus
1778 3534 2069 3617 quinque
2113 3532 2387 3597 comites
2417 3541 2484 3595 et
2515 3530 2626 3594 alii
2666 3530 2856 3594 multi
2890 3530 3208 3596 interfecti

504 3663 573 3718 et
594 3650 651 3691 ¹⁰
676 3655 971 3738 oppressi
995 3654 1273 3718 fuerunt.
1337 3655 1412 3718 In
1444 3656 1729 3720 crastino
1752 3653 2019 3737 Anglici
2042 3664 2354 3736 ceperunt
2383 3651 2608 3716 villam
2641 3651 2849 3715 sancti
2879 3650 3211 3729 Iohannis,

503 3776 899 3841 victualibus
946 3777 1248 3842 refertam
1289 3787 1356 3841 et
1402 3778 1567 3841 bene
1604 3777 1946 3854 munitam,
1984 3796 2187 3858 quam
2224 3784 2455 3859 postea
2491 3793 2621 3838 non
2663 3793 2867 3856 parvo
2913 3783 3212 3857 tempore

577 3993 595 4026 ¹
634 3993 856 4050 exulati.
894 3996 960 4050 B.
1409 3993 1432 4027 ²
1467 4006 1600 4051 tunc
1625 3997 1765 4051 baro
1789 3995 1860 4050 de
1888 3993 2185 4051 stafforde.
2225 3993 2290 4049 C.
2679 3987 2703 4020 ⁸
2737 4006 2844 4044 om.
2885 3990 2949 4044 C.

577 4081 601 4112 ⁴
642 4083 966 4139 Chukhorn.
1006 4083 1071 4139 C.
1255 4081 1277 4114 ⁶
1316 4084 1779 4154 Dounsermelyn.
1819 4084 1884 4138 C.
2063 4080 2086 4113 ⁶
2121 4084 2325 4151 BruyS.
2364 4080 2428 4136 C.
2593 4074 2616 4108 ⁷
2654 4078 2768 4133 filio
2794 4075 3029 4147 antiqui.
3069 4076 3133 4130 C.

575 4168 599 4200 ⁸
633 4170 828 4241 apud.
854 4210 868 4226 .
895 4210 909 4226 .
933 4168 1129 4244 affixa]
1164 4171 1333 4244 apide
1370 4171 1603 4243 pacifice
1638 4181 1770 4227 sunt
1799 4170 1983 4227 affixa.
2019 4172 2126 4239 B.;
2174 4168 2343 4241 apide
2376 4166 2610 4239 pacifice
2645 4176 2774 4221 sunt
2803 4163 3213 4236 Deopplinmor

501 4258 686 4316 affixa.
724 4260 788 4315 C.
1356 4262 1377 4288 “
1415 4260 1754 4316 Glustemor.
1793 4258 1857 4314 C.
2000 4319 2009 4328 ,
2429 4253 2470 4287 ¹⁰
2502 4255 2698 4311 eciam.
2739 4256 2803 4310 C.

1827 4377 1880 4427 Η
