4154 4895
922 268 959 327 6
972 284 1004 330 2
1814 272 1863 327 C
1862 272 2135 328 HRONI
2136 272 2303 328 Cos
2346 273 2452 327 CA
2464 270 2754 327 LFRIDI

566 493 881 545 Annas.
922 476 1115 541 nonie
1149 485 1215 539 et
1252 474 1420 539 alios
1460 485 1801 555 magnates
1842 472 2100 537 illarum
2143 473 2456 557 parcium,
2492 473 2604 556 qui
2651 490 2883 536 omnes
2927 469 3094 536 sibi¹
3138 466 3522 538 fidelitatem
3563 482 3632 537 et

570 624 775 689 Negoti·
920 610 1246 662 armatam
1280 592 1660 697 comitissam
1693 605 1921 659 contra
1953 614 2405 678 quoscumque
2424 614 2581 659 suos
2603 592 3016 658 adversarios
3038 594 3630 677 compromiserunt

568 756 655 805 ,he
920 719 1044 783 sub
1090 717 1398 782 iuratoria
1450 716 1782 792 caucione,
1836 716 1995 780 dum
2049 728 2273 780 tamen
2318 716 2452 779 suis
2487 715 2833 799 stipendiis
2879 713 3233 779 militarent
3253 710 3298 776 ².
3394 715 3631 779 Postea

567 835 806 886 ‘⁰9⁶⁰‘
920 857 1041 902 rex
1076 836 1423 901 Coloniam
1461 836 1686 911 adivit,
1718 835 1828 900 ubi
1860 856 2009 901 cum
2044 835 2402 901 Ludowico
2432 837 2598 901 duce
2637 834 2929 909 Bavarie,
2960 836 3072 918 qui
3103 856 3174 900 se
3203 835 3374 900 dixit
3411 855 3628 917 regem

918 958 1319 1023 Alemannie
1354 970 1419 1022 et
1454 958 1918 1041 imperatorem
1965 956 2442 1033 Romanorum,
2472 955 2704 1021 habito
2750 967 3053 1034 tractatu,
3099 958 3289 1021 rediit
3339 956 3632 1021 Braban·

634 1088 671 1136 t.
696 1088 815 1137 no.
920 1076 1110 1153 ciam,
1141 1088 1205 1139 et
1243 1076 1306 1139 in
1337 1074 1490 1139 villa
1528 1074 1940 1158 Dandewerp
1964 1072 1991 1111 ³
2028 1073 2339 1138 remansit
2369 1075 2456 1139 ad
2489 1086 2774 1157 tempus.
2869 1073 3115 1138 Iterum
3153 1093 3303 1138 cum
3337 1074 3633 1159 predicto

923 1216 1073 1277 rege
1108 1194 1502 1260 Alemannie
1556 1216 1673 1259 rex
1719 1194 2125 1269 conlocutus,
2155 1206 2376 1278 atque,
2420 1194 2721 1259 amicicia
2764 1194 2932 1258 inter
2964 1192 3188 1277 ipsos⁴
3220 1194 3632 1269 confirmata,

923 1318 1111 1382 rediit
1143 1318 1229 1381 ad
1276 1314 1599 1380 Malines⁵
1650 1316 1714 1379 in
1771 1315 2157 1380 Brabancia.
2251 1314 2638 1380 Cardinales
2685 1336 2840 1379 vero
2891 1328 2956 1380 ct
2995 1314 3286 1400 episcopi
3342 1315 3632 1382 Cantua·

923 1438 1148 1501 riensis
1221 1450 1286 1501 et
1366 1435 1846 1513 Dunelmensis,
1913 1436 2148 1502 reversi
2215 1437 2300 1500 de
2361 1436 2693 1520 presencia
2767 1436 3006 1501 tiranni
3077 1436 3497 1509 francorum,
3567 1438 3630 1500 in

925 1558 1193 1624 civitate
1227 1557 1657 1623 Atrabatensi
1683 1558 1709 1595 ⁶
1747 1578 1967 1640 regem
2004 1568 2459 1641 expectarunt.

572 1690 729 1739 Gmnt
753 1689 811 1737 os
1101 1679 1239 1744 Isto
1279 1700 1474 1755 anno,
1508 1680 1571 1743 in
1602 1681 1893 1763 quodam
1934 1679 2214 1744 concilio
2252 1700 2368 1763 per
2409 1680 2642 1744 ducem
2678 1678 3008 1744 Cornubie
3054 1678 3235 1763 regni
3283 1680 3628 1745 custodem

570 1753 856 1870 Σὶοῖιίοὲηιὲ.
921 1814 986 1866 et
1015 1800 1300 1885 prelatos
1328 1814 1393 1865 et
1420 1800 1734 1865 barones-»⁷
1766 1814 2133 1867 convocato
2146 1800 2189 1880 ⁸,
2219 1819 2528 1866 concessa
2567 1800 2683 1865 suit
2718 1802 2851 1883 regi
2885 1800 3035 1865 lana
3068 1802 3483 1885 popularium
3517 1822 3634 1885 per

921 1944 1037 1986 eos
1068 1922 1180 2005 qui
1224 1921 1481 1986 suerunt
1521 1922 1607 1985 ibi
1652 1935 2003 2006 presentes.
2102 1921 2497 2005 Iterumque,
2527 1920 2704 1987 clero
2752 1935 2907 1987 tunc
2951 1923 3221 1987 absente
3257 1922 3635 1987 coadunato

921 2044 1008 2107 ad
1051 2044 1333 2126 primum
1381 2043 1556 2108 diem
1607 2044 1844 2107 mensis
1889 2042 2218 2119 OctobriS,
2249 2056 2705 2107 concesserunt
2751 2043 3168 2108 ecclesiastici
3217 2064 3414 2108 unam
3455 2044 3634 2108 deci·

928 2184 1100 2226 niam
1166 2185 1287 2246 pro
1347 2184 1522 2227 anno
1582 2164 1785 2227 tercio
1850 2176 2008 2229 tunc
2060 2177 2397 2246 sequente,
2449 2176 2547 2228 set
2608 2163 3010 2229 solucionem
3072 2163 3387 2241 lanarum,
3429 2186 3631 2249 quam

925 2282 1278 2367 populares
1322 2282 1739 2366 prebuerunt,
1786 2284 1907 2366 ipsi
1957 2284 2351 2348 unanimiter
2396 2297 2820 2367 negaverunt.

1098 2403 1301 2468 Anno
1336 2404 1607 2468 Domini
1644 2406 2167 2483 M.ccc.xxxix.⁹,
2195 2418 2263 2471 ut
2299 2406 2685 2490 premissum
2710 2418 2830 2484 est,
2858 2424 3007 2472 cum
3038 2406 3314 2472 ducibus
3341 2405 3634 2480 Bavaric‚

928 2523 1306 2600 Brabancie,
1336 2538 1401 2589 et
1448 2524 1594 2589 aliis
1638 2524 1865 2591 amicis
1910 2526 2059 2600 suiS,
2093 2547 2244 2608 rege
2280 2526 2526 2610 Anglie
2569 2528 2653 2592 de
2700 2527 3160 2611 prosecucione
3205 2529 3302 2592 sui
3348 2528 3502 2592 iuris
3544 2531 3632 2593 ad

926 2666 1198 2726 regnum
1252 2644 1525 2711 Francie
1564 2647 1973 2729 disponente,
2021 2648 2318 2712 tirannus
2374 2648 2794 2724 Francorum,
2845 2648 3170 2713 maliciam
3223 2669 3264 2714 a
3313 2651 3425 2713 diu
3478 2670 3632 2714 con·

578 2781 764 2834 frenel:
925 2779 1187 2849 ceptam
1246 2767 1331 2829 de
1395 2766 1854 2831 exinanicione
1914 2768 2098 2849 regni
2161 2767 2409 2850 Anglie
2477 2769 2820 2833 intendens
2881 2790 3207 2846 evomere,
3267 2771 3634 2834 conductos

575 2862 840 2978 {22:35⁰
929 2887 1281 2952 Ianucnses
1316 2889 1559 2970 piratas
1582 2887 1877 2954 crudeles
1910 2890 2085 2953 misit
2119 2910 2240 2973 pro
2263 2891 2527 2972 navigio
2549 2902 2614 2954 et
2643 2892 2964 2974 portubus
2991 2890 3234 2972 Anglie
3257 2891 3591 2956 vastandis
3616 2915 3632 2964 ς

575 2980 785 3110 sssffh
924 3009 1037 3091 qui
1095 3008 1157 3071 in
1220 3023 1413 3090 portu
1469 3010 1553 3072 de
1615 3007 1845 3074 Sclusa
1900 3009 2209 3074 flandrie
2254 3023 2564 3094 ceperunt
2611 3033 2672 3074 v.
2722 3032 2995 3094 magnas
3048 3032 3248 3076 naves
3296 3013 3482 3094 regis,
3531 3025 3630 3076 set

924 3149 1161 3193 vacuas
1195 3129 1570 3194 hominibus
1610 3141 1677 3195 et
1723 3131 2180 3206 mercimoniis,
2213 3133 2428 3196 nautis
2457 3134 2544 3196 ad
2586 3132 2832 3197 solacia
2876 3153 3100 3197 secure
3131 3135 3534 3206 vacantibus,
3563 3147 3630 3197 et

924 3272 1035 3315 eas
1082 3249 1145 3314 in
1207 3262 1427 3334 partes
1475 3250 1883 3316 Normannie
1947 3253 2385 3317 deduxerunt.
2500 3252 2689 3330 Item,
2744 3252 2900 3318 seria
2939 3253 3072 3336 vj⁸.
3127 3255 3433 3337 proxima
3481 3269 3630 3338 post

928 3371 1162 3436 festum
1210 3371 1417 3436 sancti
1468 3371 1830 3446 Michaelis,
1874 3374 2350 3456 quinquaginta
2396 3373 2581 3458 galee
2627 3375 2898 3439 armatis
2943 3375 3113 3439 benc
3159 3375 3417 3460 stipate,
3461 3375 3632 3440 cirea

580 3516 720 3592 They
746 3515 859 3562 mk
928 3493 1157 3557 horam
1200 3514 1460 3566 nonam,
1491 3495 1576 3559 ad
1618 3507 1881 3578 portum
1921 3495 2327 3579 Hamptonis
2349 3494 2396 3532 ¹⁰
2431 3496 2903 3581 applicuerunt,
2936 3511 3002 3561 et
3037 3496 3281 3568 villam,
3313 3518 3442 3580 que
3480 3509 3634 3560 tunc

577 3584 877 3696 ,ἵζων
927 3634 1057 3678 non
1096 3614 1211 3678 fuit
1244 3627 1520 3688 armata,
1544 3616 2061 3699 depredaverunt
2094 3641 2110 3692 ;
2157 3615 2412 3681 villanis
2445 3639 2558 3701 pre
2579 3618 2882 3681 vecordia
2914 3617 3064 3700 suge
3086 3617 3379 3701 dilapsis,
3413 3618 3534 3702 ipsi
3569 3619 3632 3682 in

928 3734 1080 3799 villa
1128 3749 1613 3819 pernoctarunt.
1708 3736 1784 3800 In
1831 3737 2119 3801 crastino
2166 3738 2378 3822 patria
2438 3740 2828 3814 coadunata,
2860 3759 3138 3803 numero
3191 3751 3632 3803 trecentorum

1000 3869 1016 3901 ¹
1056 3889 1161 3924 om.
1201 3874 1265 3927 C.
1442 3871 1463 3903 ¹
1502 3873 1565 3926 C.
1591 3873 1729 3927 adds
1750 3895 1769 3927 .·
1803 3885 1856 3928 et
1888 3874 1959 3926 ibi
1990 3877 2178 3940 regina
2204 3875 2414 3944 peperit
2445 3875 2768 3930 Leonellum
2795 3875 3059 3930 comitem
3087 3877 3157 3930 de
3191 3877 3504 3932 Helu-estre.

1000 3957 1019 3988 ’
1056 3959 1127 4012 de
1154 3961 1485 4030 Andcwarp.
1514 3963 1577 4016 C.
1757 3961 1776 3990 ⁶
1813 3980 1929 4016 eos.
1968 3965 2031 4016 C.
2211 3959 2234 3992 ⁸
2265 3963 2348 4015 ad
2367 3961 2641 4032 Alalr‘nes]
2669 3965 2939 4034 protinus,
2963 3980 3102 4017 over
3123 3981 3202 4018 an
3223 3981 3470 4018 nasum.
3498 3967 3562 4018 C.

1001 4045 1021 4076 ⁸
1060 4049 1460 4101 Attrabatensi.
1500 4051 1564 4102 C.
2219 4046 2238 4074 '
2279 4051 2433 4104 Here
2455 4069 2492 4104 a
2517 4052 2704 4122 lassis
2729 4054 2994 4122 wanting
3017 4053 3080 4105 in
3107 4053 3172 4107 C.

1004 4133 1023 4160 ⁸
1060 4143 1114 4186 e!
1137 4137 1254 4188 bar.
1280 4133 1524 4204 comum]
1552 4152 1781 4191 convoc.
1805 4149 1857 4192 et
1888 4138 2002 4192 bar.
2046 4139 2107 4192 B.

1006 4223 1024 4249 ’
1074 4223 1111 4275 7
1114 4225 1183 4274 'hc
1214 4223 1279 4274 ix.
1306 4225 1375 4292 as
1388 4225 1499 4276 lkt‘s
1526 4225 1651 4278 dal(
1677 4227 1725 4278 is
1754 4225 1940 4279 added
1962 4227 2021 4295 by
2050 4245 2086 4277 a
2113 4225 2224 4280 lale
2248 4225 2418 4280 hand.
2461 4229 2522 4282 B.
2741 4227 2782 4257 ¹⁹
2823 4227 3118 4282 llamonis.
3151 4229 3210 4281 B.
