4154 4895
1244 277 1355 331 LE
1396 277 1690 332 BAKER
1733 277 1854 331 DE
1894 276 2514 335 SWYNEBROKE.
3120 284 3239 354 105

526 477 721 542 valde
766 476 993 563 paucis
1039 476 1323 541 innotuit
1368 477 1538 561 regis
1581 486 1697 542 aut
1744 477 2056 562 principis
2087 475 2328 542 Wallie
2372 477 2725 562 presencia,
2755 477 2889 561 qui,
2918 477 3231 545 consectis
3267 490 3408 541 Δ».
3424 493 3587 543 1849.

527 598 839 681 predictis
860 595 902 676 ¹,
934 599 998 662 in
1026 596 1252 663 villam
1283 607 1530 664 secrete
1559 619 1630 663 se
1660 608 2059 683 receperunt.
2981 604 2990 615 “

702 719 915 803 Igitur
958 720 1169 803 pridie
1213 720 1607 803 peremtorie
1651 721 1780 786 diei
1830 719 2166 785 Galfridus
2210 722 2295 785 de
2338 719 2610 804 Charny
2641 720 2818 785 misit
2858 721 3232 804 quindecim
3272 729 3584 808 TheFoench

525 860 680 905 suos
725 839 969 919 fideleS,
1014 861 1164 907 cum
1212 863 1455 925 magna
1504 850 1693 926 parte
1752 842 1911 921 auri,
1957 838 2238 926 premii2
2290 843 2708 926 prodicioniS,
2768 844 3233 927 exploraturos
3270 796 3550 928 ἷξῖῃίἕξέ).

526 960 725 1026 fidem
774 961 1058 1027 Emerici
1103 972 1171 1026 et
1214 964 1411 1028 castri
1455 963 1985 1047 disposicionem.
2077 963 2232 1047 Qui,
2291 964 2804 1046 circumquaque
2864 965 3232 1047 quamlibet

524 1083 757 1146 turrim
817 1093 885 1146 et
956 1083 1270 1166 angulum
1330 1085 1683 1167 opertum³
1747 1085 2109 1161 visitanteS,
2169 1084 2328 1148 nihil
2394 1084 2532 1148 suis
2590 1084 2765 1149 votis
2830 1086 3230 1151 contrarium

525 1212 973 1287 perceperunt.
1066 1203 1264 1269 Unde
1288 1205 1351 1268 in
1377 1207 1661 1271 crastino
1692 1204 1977 1270 fixerunt
2009 1207 2502 1271 stacionardum
2535 1207 2786 1289 regium
2821 1206 3227 1273 Francorum
3266 1218 3406 1269 Λα).
3419 1220 3578 1268 1850.

526 1324 592 1387 in
626 1323 1046 1389 eminenciori
1087 1326 1252 1389 turri
1291 1326 1575 1403 castelle,
1605 1335 1671 1390 et
1702 1326 1950 1391 vexilla
1992 1324 2277 1391 Galsridi
2317 1327 2598 1391 aliorum
2630 1347 2897 1410 quoque
2927 1329 3229 1395 domino·

523 1464 669 1509 rum
702 1466 899 1529 super
941 1444 1106 1510 alias
1149 1454 1359 1510 turres
1403 1445 1800 1512 locaverunt.
1893 1447 2176 1511 Proinde
2220 1447 2574 1532 populares
2609 1449 2694 1512 de
2723 1448 2877 1512 ville
2905 1450 3226 1525 custodia,

520 1586 688 1649 quos
734 1566 927 1631 latuit
987 1566 1252 1645 facinuS,
1312 1576 1534 1633 tantus
1594 1578 1803 1633 terror
1845 1568 2144 1651 agitavit,
2189 1568 2371 1650 quod
2414 1570 2503 1632 ad
2557 1589 2743 1634 arma
2803 1570 3227 1636 convolantes

523 1686 835 1750 insultum
866 1687 1306 1770 disponebant
1352 1688 1418 1752 in
1463 1697 1751 1754 castrum
1798 1688 2123 1753 festinare.
2217 1688 2581 1755 Confestim
2615 1688 2850 1756 Gallici
2888 1691 3099 1773 pridie
3130 1693 3227 1755 in-

521 1807 725 1890 gressi
761 1807 1105 1871 dominum
1130 1807 1465 1873 Thomam
1498 1809 1582 1873 de
1607 1809 2044 1892 Kyngestone
2073 1809 2366 1874 nescium
2392 1808 2698 1875 facinoris
2726 1831 2797 1874 se
2828 1808 3227 1894 fingentem⁴

518 1928 836 1993 violenter
891 1938 1202 2013 ceperunt
1260 1939 1329 1993 et
1387 1929 1454 1993 in
1508 1930 1698 2014 bogis
1751 1929 2031 2013 ligneis⁶
2085 1931 2522 2015 captivarunt.
2639 1932 2899 1997 Deinde
2952 1934 3224 2015 quidam

412 2076 429 2088 ·
519 2071 608 2115 ex
652 2050 800 2129 illis,
829 2049 1047 2115 emissi
1068 2051 1094 2089 Β
1122 2051 1211 2116 ad
1243 2049 1533 2116 Francos
1569 2073 1726 2116 suos
1756 2052 2065 2117 dominos
2094 2061 2289 2117 extra
2316 2053 2758 2118 municionem
2801 2054 3224 2130 imboscatos‚

518 2173 945 2236 ostenderunt
1016 2142 1508 2237 stacionardum
1582 2182 1650 2236 et
1724 2182 1941 2238 erecta
1998 2174 2267 2248 vexilla,
2342 2172 2604 2240 cetera⁷
2665 2195 2979 2258 prospera
3037 2196 3222 2240 com-

518 2293 994 2377 promittentes,
1024 2292 1080 2356 si
1112 2300 1335 2359 tamen
1379 2292 1761 2358 festinarent
1807 2294 1893 2358 ad
1938 2294 2383 2359 defensionem
2426 2295 2622 2360 castri
2664 2304 2893 2361 contra
2921 2295 3220 2360 villanos,

519 2412 748 2498 Igitur,
792 2422 1131 2498 surgentes
1176 2414 1260 2479 de
1306 2413 1615 2492 latibulis,
1645 2434 1795 2479 cum
1843 2435 2093 2500 pompa
2138 2414 2335 2480 solita
2378 2425 2447 2480 et
2501 2416 2726 2482 innata
2777 2416 2961 2501 genti
3012 2415 3224 2483 Galli-

514 2554 761 2613 corum,
792 2545 1016 2619 portas
1052 2535 1248 2600 castri
1291 2536 1659 2620 irruperunt
1693 2536 1927 2602 Franci
1958 2537 2246 2620 copiose.
2322 2537 2512 2603 Tunc
2555 2537 2778 2602 villani
2821 2539 2940 2601 vix
2988 2559 3221 2603 manus

514 2655 603 2721 ab
643 2656 884 2720 insultu
924 2658 1404 2735 continuerunt,
1436 2658 1614 2741 ipsos
1658 2667 1881 2721 tamen
1918 2658 2197 2722 ducibus
2233 2677 2461 2722 eorum
2511 2657 2995 2724 retrahentibus
3031 2660 3219 2743 quasi

514 2776 874 2860 periculum
921 2777 1348 2843 insiliencium
1394 2778 1779 2861 diffugitivis
1797 2776 1842 2856 ⁸,
1887 2779 2115 2842 statim
2162 2777 2390 2843 fideles
2436 2779 2606 2863 regis
2665 2779 2879 2860 amici,
2922 2781 3035 2863 qui
3094 2782 3220 2845 sub

512 2897 797 2963 arcuatis
858 2918 1193 2962 murorum
1248 2898 1539 2963 latibulis
1600 2900 1803 2964 instar
1861 2899 2343 2965 anacoritarum
2404 2899 2660 2965 fuerant
2721 2901 2971 2978 inclusi,
3016 2903 3217 2966 trium

511 3019 765 3084 dierum
787 3018 1052 3102 longam
1076 3039 1331 3084 moram
1357 3019 1780 3097 fastidienteS‚
1804 3041 1876 3084 se
1906 3030 2340 3104 prepararunt
2360 3020 2385 3058 ⁹
2419 3023 2506 3086 ad
2540 3022 2996 3105 irrupcionem.
3075 3023 3217 3088 Nec

514 3140 728 3203 minus
760 3137 866 3203 ille
894 3140 1009 3223 qui
1039 3159 1190 3205 cum
1220 3160 1388 3204 saxo
1418 3141 1651 3224 grandi
1688 3140 1813 3204 fuit
1845 3141 1910 3205 in
1940 3140 2260 3206 foramine
2290 3161 2499 3226 nuper
2529 3141 2830 3219 inclusus,
2862 3153 3215 3226 postquam

510 3261 676 3325 vidit
698 3270 802 3325 tot
827 3260 1148 3345 ingressos
1166 3262 1252 3327 ad
1277 3259 1623 3344 quorum¹⁰
1646 3262 2161 3328 debellacionem
2189 3263 2542 3328 estimabat
2562 3274 3217 3354 suos-consentaneos

510 3382 902 3448 sufficienter
960 3383 1272 3476 potuisse,
1333 3363 1649 3449 molarem
1719 3383 1903 3448 illum
1953 3384 2284 3467 ingentem
2330 3384 2454 3448 sibi
2501 3384 2923 3449 commissum
2970 3386 3216 3449 direxit

511 3505 735 3582 ruine;
766 3524 900 3586 quo
920 3524 1087 3588 pons
1109 3504 1433 3569 versatilis
1458 3505 1887 3589 rumpebatur
1909 3503 1979 3583 ¹²,
2009 3516 2079 3570 et
2097 3506 2203 3570 via
2223 3503 2272 3542 ¹²
2303 3506 2513 3569 fuerat
2538 3504 2834 3588 preclusa
2866 3526 2983 3589 per
3011 3526 3212 3589 quam

510 3622 735 3689 hostes
791 3624 1050 3689 fuerant
1108 3624 1383 3690 nimium
1440 3625 1806 3710 ingressuri,
1866 3636 2086 3709 atque,
2131 3625 2334 3690 semel
2396 3625 2684 3709 ingressi,
2730 3645 2860 3690 non
2905 3635 3211 3708 poterant
3252 3634 3393 3700 They
3415 3653 3498 3688 are

508 3766 627 3829 per
657 3745 818 3811 illud
851 3744 973 3809 iter
1001 3747 1296 3811 evadere.
1389 3745 1647 3812 Saxum
1685 3749 2052 3833 predictum
2084 3742 2479 3831 supplevit¹2
2509 3747 3009 3830 quodammodo
3038 3746 3214 3812 vices
3248 3703 3552 3768 entrapped3

578 3963 598 3997 ¹
634 3963 872 4022 confecti
898 3965 1151 4037 predicti.
1192 3967 1257 4025 C.
1470 3967 1492 3999 2
1528 3985 1633 4024 om.
1678 3970 1743 4025 B.
1954 3965 1976 3998 ⁸
2012 3977 2285 4038 apertum.
2325 3967 2389 4022 C.
2602 3964 2624 3996 ⁴
2660 3965 2985 4037 fugientem.
3024 3968 3088 4022 C.

576 4050 601 4084 ⁸
633 4053 961 4124 bogligneis.
1001 4055 1066 4109 B.
1279 4054 1301 4086 ⁸
1337 4055 1574 4112 remissi.
1613 4058 1676 4112 C.
1890 4053 1913 4086 ⁷
1947 4064 2005 4112 et
2028 4066 2231 4111 cetera.
2269 4055 2335 4110 C.
2548 4050 2570 4084 ⁸
2603 4052 2676 4109 de
2700 4052 2961 4124 fugitivis.
3002 4055 3065 4110 C.

575 4137 976 4283 Lrjgarzmm‘
1017 4143 1082 4197 B.
1370 4141 1412 4176 ¹⁰
1445 4156 1758 4215 quotorum.
1800 4145 1881 4211 133
1944 4143 2195 4199 istorum.
2233 4143 2296 4198 C.
2511 4138 2552 4173 ¹¹
2587 4140 3036 4212 rumpepebatur.
3074 4143 3139 4197 B.

1828 4351 1867 4399 Ρ
