4154 4895
955 201 1037 283 76
1841 206 2337 267 CHRoNJCON
2375 209 2485 266 oa
2492 209 2786 268 ωηο]

598 426 915 481 Λ.υ.ιοω.
948 425 1365 491 quocumque
1420 405 1705 473 feodalia
1764 416 2075 484 tenerent,
2133 419 2201 472 et
2263 428 2490 473 eorum
2551 409 2818 474 nomina
2869 408 2933 474 in
2983 409 3245 495 scriptis
3304 408 3660 477 notificare.

598 515 853 607 (3OE
950 525 1129 592 Aliis
1197 528 1404 594 eciam
1471 529 2015 594 committebatur
2077 530 2259 611 quod
2335 530 2400 594 in
2458 528 2752 613 qualibet
2819 530 3033 596 schira
3097 532 3476 619 sagittarios
3538 554 3660 597 ex·

596 621 789 752 ἓξὲξ(
948 649 1300 732 periendos
1331 661 1785 727 convocarent,
1814 650 1983 714 alios
2006 648 2214 715 eciam
2235 650 2407 715 viros
2428 662 2624 735 aptos
2653 651 2852 716 armis
2883 652 3244 717 deserendis
3274 673 3423 718 cum
3454 655 3657 718 armis

947 770 1188 852 quibus
1234 771 1465 837 melius
1506 772 1741 838 scirent
1787 793 1859 837 se
1903 772 2249 837 defendere
2293 779 2408 838 aut
2453 770 2676 838 hostes
2737 773 3059 850 invadere,
3105 785 3171 839 et
3208 774 3518 840 omnibus
3561 776 3656 841 sic

947 892 1325 957 convocatis
1391 904 1457 958 et
1525 894 1822 978 expertis
1894 895 2093 959 etatis
2157 892 2453 977 legitime
2513 894 2720 959 suerat
2782 906 3164 979 preceptum
3227 906 3298 959 ut
3347 896 3433 959 ad
3485 896 3657 979 regis

950 1009 1298 1096 imperium
1353 1013 1565 1079 forent
1611 1015 1824 1099 parati
1872 1034 2093 1080 secum
2138 1027 2368 1080 contra
2410 1035 2566 1079 suos
2609 1025 2675 1079 et
2724 1014 2903 1096 regni
2951 1014 3250 1080 inimicos
3288 1028 3654 1099 pugnatum

949 1131 1123 1197 ituri.
1214 1134 1474 1199 Eodem
1521 1155 1699 1200 anno
1745 1135 1934 1200 multi
1981 1135 2196 1201 vocati
2243 1136 2308 1199 in
2356 1135 2526 1219 regis
2570 1135 2892 1201 auxilium
2953 1147 3182 1201 contra
3227 1135 3486 1209 Scotos‚
3531 1155 3654 1201 nec

595 1255 849 1389 gnuog„-
948 1254 1161 1338 parati
1206 1256 1294 1320 ad
1339 1257 1648 1332 eundum,
1690 1256 2108 1322 contulerunt
2156 1256 2483 1340 pecunias,
2527 1256 2768 1339 quibus
2812 1256 3273 1341 stipendiarios
3319 1277 3441 1342 pro
3495 1256 3655 1342 ipsis

598 1389 721 1438 tion.
842 1374 1128 1462 Vdomi
1168 1377 1564 1442 remansuris
1595 1397 1713 1441 rex
1745 1389 1972 1461 posset
2009 1377 2295 1442 vadiare.

596 1480 914 1619 *mum
1119 1496 1325 1563 Anno
1373 1498 1646 1563 Domini
1696 1496 2144 1580 M.ccc.xliiij.‚
2175 1497 2348 1582 regis
2377 1497 2624 1581 Anglie
2670 1497 2870 1582 xviij„
2916 1498 2981 1563 in
3027 1498 3351 1564 auxilium
3395 1496 3652 1563 domini

588 1632 840 1764 §moaz-
946 1616 1261 1682 Iohannis
1282 1618 1367 1683 de
1390 1618 1623 1683 Monte
1646 1619 1834 1693 sorte,
1857 1618 2044 1684 ducis
2068 1618 2420 1691 Britannie,
2439 1618 2621 1683 cuius
2642 1639 2814 1684 uxor
2835 1631 2902 1683 et
2929 1617 3043 1683 filii
3070 1618 3133 1682 in
3152 1620 3454 1684 custodia
3479 1620 3652 1701 regis

590 1780 651 1814 ex
755 1766 875 1814 mon
946 1748 1341 1817 manserunt,
1373 1739 1626 1804 suerunt
1661 1739 1838 1803 missi
1870 1759 2092 1805 comes
2125 1739 2660 1824 Norbamptonie
2687 1751 2754 1803 et
2778 1759 3000 1803 comes
3032 1738 3318 1813 Oxonie‚
3341 1739 3652 1804 dominus

654 1831 903 1971 effi,-
946 1859 1152 1943 Hugo
1191 1859 1582 1945 Despenser,
1613 1860 1921 1925 dominus
1964 1859 2291 1924 Ricardus
2319 1858 2626 1934 Talebot‚
2660 1858 2915 1935 milites,
2945 1867 3012 1924 et
3057 1858 3366 1924 dominus
3395 1856 3648 1922 wille!-

945 2001 1092 2045 mus
1154 1980 1505 2065 Kyllesby‚
1548 1980 1839 2058 clericus,
1884 1980 2161 2063 singulis
2208 1980 2510 2065 prefectis
2557 1981 2811 2062 magnis
2856 1980 3064 2064 copiis
3111 1991 3518 2044 armatorum
3578 1994 3644 2043 et

940 2101 1448 2185 sagittariorum.
1540 2101 1947 2166 Britanniam
1997 2102 2219 2185 itaque
2264 2101 2556 2187 profecti,
2593 2100 2810 2165 invitis
2857 2100 3136 2165 inimicis
3181 2100 3650 2175 resistentibus,

944 2234 1186 2287 terram
1231 2235 1565 2308 oeperunt,
1608 2232 1677 2288 et
1708 2221 1952 2287 multos
2010 2243 2280 2306 asperos
2338 2219 2680 2287 conflictus
2738 2232 2968 2286 contra
3032 2221 3210 2305 ipsos
3254 2219 3644 2285 habuerunt.

941 2343 1265 2415 Tandem,
1295 2344 1506 2428 captis
1535 2342 1705 2407 villis
1745 2355 1883 2408 tam
1932 2343 2208 2408 muratis
2253 2362 2453 2427 quam
2494 2342 2974 2426 campestribus
3004 2354 3068 2405 et
3105 2340 3250 2405 aliis
3287 2340 3646 2413 fortaliciis.

939 2476 1154 2531 castra
1184 2467 1268 2530 de
1300 2465 1551 2530 Bruske
1579 2476 1645 2530 et
1677 2467 1761 2530 de
1789 2464 2076 2549 Templo
2115 2462 2483 2547 Correntyn
2516 2485 2634 2548 per
2665 2462 2940 2528 insultus
2971 2475 3303 2547 ceperunt,
3334 2475 3400 2527 ct
3433 2476 3643 2526 totam

939 2587 1221 2672 patriam
1269 2588 1511 2671 partim
1558 2587 1884 2651 redditam
1932 2597 1998 2651 et
2045 2585 2285 2670 partim
2323 2587 2726 2650 destructam
2773 2583 2896 2648 sibi
2944 2583 3386 2648 submiserunt
3437 2603 3646 2667 usque

938 2710 1024 2774 ad
1085 2708 1311 2773 villam
1360 2710 1445 2773 de
1505 2707 1822 2791 Morleys‚
1884 2707 1993 2771 ubi
2055 2706 2362 2772 dominus
2422 2705 2711 2770 Karolus
2770 2707 2856 2771 dc
2919 2704 3122 2789 Bloys
3176 2723 3325 2769 cum
3391 2703 3640 2786 ingenti

587 2833 879 2951 ἓξῇίαοὲί
934 2831 1229 2897 exercitu
1262 2829 1392 2894 illis
1419 2829 1733 2894 obviavit.
1824 2827 2037 2912 Igitur
2068 2827 2132 2892 in
2173 2847 2414 2912 eampo
2457 2828 2645 2891 iuxta
2685 2825 2982 2910 Morleys
3010 2825 3340 2890 exercitus
3369 2823 3644 2888 hostiles

590 2965 729 3015 mot·
752 2977 803 3016 ιι
932 2951 1391 3028 conflixerunt,
1423 2949 1534 3015 ubi
1568 2949 1949 3014 animositas
1985 2948 2323 3031 utriusque
2352 2948 2587 3032 gentis,
2621 2947 2964 3012 Britonum
2998 2946 3318 3020 videlicet,
3352 2943 3642 3009 Gallico-

582 3029 815 3082 ”oem
934 3095 1079 3139 rum
1115 3087 1318 3157 atque
1347 3070 2025 3155 Anglicorum‚suerat
2058 3083 2357 3154 experta.
2439 3069 2810 3151 Pugnatum
2842 3081 2940 3132 est
2973 3067 3224 3132 sortiter
3252 3087 3338 3130 ex
3367 3079 3642 3148 utraque

932 3207 1138 3281 parte,
1173 3194 1267 3259 ita
1314 3193 1496 3277 quod
1532 3192 1812 3275 contigit
1858 3191 1921 3256 in
1964 3191 2079 3255 illo
2120 3191 2474 3256 certamine
2517 3191 2696 3273 quod
2746 3209 2862 3254 nec
2907 3190 2972 3253 in
3019 3187 3224 3262 bellis.
3259 3207 3377 3252 nec
3425 3185 3640 3268 Haly-

929 3315 1233 3383 donehiel
1267 3335 1386 3380 nec
1406 3314 1492 3379 de
1518 3313 1732 3378 Cressi
1766 3333 1885 3378 nec
1916 3315 2001 3378 de
2036 3312 2701 3388 Pettch,audivimus
2729 3310 3097 3393 contigisse.
3156 3308 3376 3373 Duces
3401 3329 3640 3390 nempe

930 3438 1244 3522 parcium,
1268 3437 1512 3502 scilicet
1542 3435 1836 3501 Karolus
1864 3437 1950 3500 de
1985 3433 2206 3516 moys,
2226 3434 2328 3498 cui
2366 3432 2537 3497 illius
2563 3443 2730 3496 terre
2750 3432 3021 3496 dederat
3053 3430 3369 3496 ducatum
3399 3427 3638 3493 Franc-

925 3579 1117 3623 orum
1163 3558 1473 3630 tirannus,
1503 3570 1567 3620 et
1602 3555 1973 3620 willelmus
2012 3555 2100 3620 de
2138 3554 2393 3628 Bohun,
2425 3572 2646 3618 comcs
2695 3550 3244 3635 Norbamptonie.
3276 3570 3474 3634 quem
3517 3571 3638 3633 pro

926 3680 1176 3745 tuendo
1235 3679 1372 3743 iure
1438 3677 1751 3742 Iohannis
1809 3680 1895 3743 de
1958 3675 2348 3748 Mountsort‚
2409 3675 2725 3739 naturalis
2786 3673 2972 3738 ducis
3033 3670 3206 3737 illius
3266 3683 3453 3742 terre.
3516 3693 3634 3734 rex

925 3801 1241 3865 exercitui
1318 3798 1755 3882 Anglicorum
1834 3798 2124 3882 prefecit,
2191 3797 2612 3862 animositate
2686 3814 2886 3877 quam
2958 3793 3324 3858 habuerunt
3401 3791 3638 3856 heroes

924 3922 1243 4004 generosi,
1288 3922 1513 3985 omnia
1579 3920 1890 3985 libencius
1953 3919 2389 4004 perdidissent
2449 3937 2649 4000 quam
2703 3915 2877 4000 turpi
2931 3915 3240 3979 vecordia
3299 3913 3636 3994 arguendi.

923 4063 1164 4127 campo
1210 4043 1458 4112 relicto,
1500 4056 1685 4124 terga
1731 4042 2101 4105 vertissent.
2215 4038 2555 4120 Pugnatur
2621 4038 2896 4122 proinde
2956 4056 3042 4099 ex
3112 4047 3385 4116 utraque
3444 4045 3636 4116 parte

925 4165 1236 4236 animose.
1282 4185 1397 4229 ncc
1438 4183 1725 4247 unquam
1776 4163 1839 4228 in
1885 4175 2027 4228 tota
2067 4159 2320 4226 Gallica
2367 4181 2617 4244 guerra.
2662 4179 2790 4242 quc
2835 4169 3175 4242 capturam
3223 4155 3634 4236 sendo-mgis
