4154 4895
1280 298 1396 356 No
1406 298 1565 354 TEs
1607 297 1794 353 Am>
1838 297 1973 352 αι
1985 296 2251 354 USTRA
2262 294 2536 353 TJONS.
3134 304 3259 371 203

555 466 724 530 Pago
747 465 846 530 26,
872 462 907 518 1.
934 476 1016 530 24.
1096 463 1221 517 Cito
1234 465 1371 532 post
1391 460 1805 533 Epiphaniam,
1834 463 1898 516 in
1923 461 2331 532 parliamento.
2408 459 2745 515 Parliarnent
2781 468 2897 514 met
2927 474 3000 513 on
3033 459 3128 514 the
3164 458 3259 525 7th

695 554 960 623 January,
1004 562 1157 620 1327.
1231 551 1388 605 ‘The
1425 551 1573 605 writs
1611 551 1726 605 had
1769 551 1910 605 been
1949 548 2139 605 issued
2178 550 2299 604 first
2338 549 2414 617 by
2449 564 2638 619 young
2675 546 2919 601 Edward
2959 556 3018 601 at
3056 545 3263 601 Bristol

696 655 770 694 on
808 640 905 694 the
942 639 1073 694 28th
1102 638 1167 694 os
1183 639 1451 705 October,
1477 637 1533 692 in
1569 638 1659 693 his
1696 639 1921 693 father’s
1958 654 2143 692 name.
2170 677 2184 691 .
2211 678 2225 692 .
2252 676 2267 692 .
2292 637 2454 692 After
2488 637 2586 691 the
2622 645 2780 705 great
2817 636 2933 690 seal
2969 634 3084 689 had
3117 634 3262 688 been

698 727 934 782 wrested
958 727 1103 782 from
1138 726 1235 781 the
1266 725 1419 795 king,
1445 742 1567 781 new
1592 724 1742 780 writs
1766 725 1832 780 os
1863 742 2019 780 more
2049 725 2274 794 regular
2309 725 2451 779 form
2489 723 2603 778 had
2635 724 2778 778 been
2804 723 2997 776 drawn
3030 738 3124 790 up,
3148 719 3264 775 and

698 830 774 867 on
812 814 908 868 the
946 813 1050 882 3rd
1084 813 1150 869 of
1186 814 1505 868 December
1542 813 1637 868 the
1679 811 1924 881 meeting
1960 829 2073 867 was
2115 813 2430 883 postponed
2468 822 2527 866 to
2562 812 2656 866 the
2688 809 2796 877 .7th
2834 810 2896 865 of
2911 809 3264 881 January.'—

698 901 930 967 Stubbs,
968 901 1154 955 Const.
1195 900 1370 967 Hatra,
1395 901 1558 969 chap.
1599 900 1709 954 xvi.
1781 901 1906 956 The
1947 900 2229 970 following
2276 910 2520 955 account
2561 899 2621 954 of
2663 899 2760 953 the
2807 896 3173 967 proceedings
3216 894 3264 950 is

696 987 863 1057 given
904 989 980 1058 by
1003 989 1096 1042 W.
1123 987 1195 1043 de
1239 988 1420 1053 Dene,
1457 989 1727 1042 Historia
1763 988 2058 1058 Rqffensis,
2086 988 2209 1042 who
2252 986 2520 1056 certainly
2551 985 2666 1041 had
2708 985 3070 1054 trustworthy
3094 983 3264 1037 infor-

697 1070 911 1125 mation
935 1089 947 1125 :
989 1070 1091 1125 ‘In
1110 1070 1352 1125 crastino
1378 1070 1731 1142 Epiphaniae,
1748 1072 1900 1141 apud
1926 1071 2507 1137 westmonasterium,
2527 1085 2724 1125 omnes
2749 1068 2984 1138 praelati,
3010 1066 3264 1133 comites,

698 1158 940 1213 barones
981 1168 1153 1228 atque
1195 1159 1431 1230 populus
1471 1157 1527 1213 in
1564 1158 1949 1227 magnitudine
1986 1159 2213 1228 magna,
2245 1168 2302 1214 et
2338 1158 2619 1229 praecipue
2656 1157 2808 1214 cives
2846 1155 3266 1211 Londonienses

703 1262 832 1300 cum
870 1262 1079 1317 magno
1119 1246 1351 1316 strepitu
1390 1246 1466 1301 ad
1508 1246 1940 1317 parliamentum
1978 1246 2186 1316 reginae
2229 1246 2514 1315 regnantis
2559 1254 2955 1301 convenerunt.
3049 1245 3115 1297 In
3154 1259 3265 1313 quo

702 1350 803 1404 per
854 1334 1330 1388 Herefordensem
1382 1333 1725 1404 episcopum,
1762 1334 2180 1389 adhaerentibus
2229 1334 2335 1389 sibi
2384 1334 2573 1389 multis
2620 1333 2745 1397 aliis
2803 1331 3103 1404 episcopiS,
3141 1346 3263 1401 pro·

701 1420 948 1491 positum
997 1420 1100 1475 fuit
1137 1420 1307 1491 quod,
1350 1420 1396 1477 si
1440 1421 1633 1490 regina
1674 1421 1790 1490 regi
1831 1422 2162 1488 adhaereret,
2207 1420 2555 1476 occideretur
2599 1422 2674 1476 ab
2721 1437 2805 1476 eo,
2903 1420 2980 1474 Et
3036 1417 3266 1473 tandem

700 1508 999 1579 quaesitum
1037 1507 1137 1562 fuit
1175 1525 1341 1579 quem
1375 1510 1601 1564 mallent
1639 1525 1888 1579 regnare,
1926 1519 2144 1579 patrem
2181 1511 2268 1564 vel
2302 1508 2507 1576 filium3
2558 1518 2614 1564 et
2652 1509 2759 1563 hoc
2795 1507 2974 1579 primo
3010 1506 3103 1561 die
3138 1521 3265 1576 par-

701 1594 967 1651 liamenti.
1044 1596 1120 1651 Et
1157 1595 1511 1666 congregatis
1550 1596 1605 1650 in
1643 1597 2013 1667 parliamento
2049 1614 2147 1668 per
2176 1597 2417 1652 eundem
2454 1595 2782 1668 episcopum
2819 1594 3130 1665 injunctum
3165 1592 3267 1647 suit

701 1683 855 1754 quod
899 1682 1131 1754 quilibet
1187 1683 1263 1737 ad
1313 1701 1474 1739 suurn
1524 1684 1829 1754 hospitium
1873 1684 1974 1740 iret
2023 1695 2077 1740 et
2123 1684 2178 1739 in
2237 1684 2500 1752 crastin0,
2550 1695 2677 1754 post
2724 1682 3099 1754 sumptionem
3157 1678 3266 1735 cibi

702 1781 760 1827 et
822 1771 1006 1842 potus,
1070 1788 1267 1826 omnes
1328 1771 1502 1841 potati
1564 1771 1809 1827 redirent
1873 1782 1930 1828 et
1993 1771 2287 1843 quaestioni
2353 1771 2600 1843 episcopi
2667 1770 3069 1841 responderent
3128 1769 3270 1824 hora

703 1858 886 1914 tertii.
985 1857 1202 1929 Quibus
1259 1859 1623 1914 redeuntibus
1685 1858 1898 1928 iterato,
1947 1860 2234 1931 proposita
2289 1860 2492 1915 eadem
2542 1859 2866 1931 quaestione,
2914 1857 3146 1930 quidam
3202 1874 3269 1911 ex

707 1946 1058 2001 abundantia
1105 1946 1308 2014 cordiS,
1358 1946 1589 2017 quidam
1645 1958 1799 2002 metu
1850 1948 2023 2014 ducti,
2072 1947 2323 2002 nonnulli
2373 1947 2542 2003 tacite
2590 1957 2816 2018 propter
2857 1957 3068 2001 metum
3124 1945 3270 1998 Lon·

706 2033 1061 2088 doniensium
1119 2033 1418 2104 quaestioni
1477 2035 1821 2105 respondere
1864 2036 2418 2090 nolentes—tandem
2468 2037 2580 2090 una
2622 2052 2763 2090 voce
2810 2034 3063 2089 omnium
3125 2031 3271 2087 filius

707 2120 763 2176 in
813 2137 1002 2190 regem
1051 2121 1412 2189 sublimatur3
1467 2122 1629 2177 factis
1680 2121 1785 2178 sibi
1830 2123 2128 2192 homagiis,
2171 2122 2227 2177 in
2276 2140 2542 2192 magnam
2562 2109 2567 2115 ⁸
2589 2124 2776 2177 aulam
2824 2137 3032 2177 novum
3081 2135 3271 2189 regem

707 2209 998 2275 duxerunt,
1046 2209 1333 2264 dicentes:
1391 2210 1597 2265 “Ecce
1648 2212 1769 2266 Rex
1819 2211 2051 2266 vester.'’
2137 2210 2609 2281 Archiepiscopus
2658 2206 3077 2265 Cantuariensis
3117 2207 3269 2261 Wal-

705 2306 857 2351 terus
893 2295 1113 2366 publice
1147 2295 1510 2368 praedicavit:
1565 2298 1739 2353 “Vox
1775 2297 1965 2369 populi
2004 2316 2113 2353 vox
2151 2298 2311 2354 Dei.’'
2382 2297 2789 2353 Wintoniensis
2831 2297 3131 2368 episcopus
3168 2295 3272 2349 ad-

708 2383 850 2437 didit
874 2400 887 2438 :
928 2383 963 2411 ‘⁴
983 2383 1156 2455 Cujus
1182 2393 1351 2455 caput
1378 2383 1677 2454 infirmum,
1703 2396 1908 2441 caetera
1931 2387 2186 2441 membra
2210 2385 2448 2441 dolent.”
2524 2384 2955 2440 Heresordensis
2988 2382 3270 2439 subdidit:

706 2473 860 2527 “Vae
898 2482 1060 2527 terrae
1097 2472 1255 2542 cujus
1293 2491 1389 2528 rex
1424 2490 1563 2545 puer
1598 2474 1737 2529 est.”
1811 2476 1904 2543 Et,
1928 2491 2073 2546 pace
2097 2474 2248 2530 sacta
2282 2474 2337 2529 in
2370 2475 2580 2546 populo
2614 2492 2713 2545 per
2738 2476 2806 2529 T.
2828 2474 3011 2528 Wake
3045 2482 3101 2527 et
3126 2474 3273 2527 Lon-

705 2559 1007 2614 donienses
1054 2559 1160 2615 sibi
1207 2561 1580 2629 adhaerentes,
1625 2562 1798 2617 “Ave
1845 2563 1982 2617 rex’'
2026 2562 2084 2616 in
2132 2562 2365 2618 excelsis
2413 2562 2803 2633 proclamatur.
2878 2563 2946 2616 In
2989 2577 3099 2632 qua
3147 2577 3273 2630 pro-

705 2647 1042 2702 clamatione
1066 2647 1366 2719 episcopus
1394 2648 1692 2716 RoffensiS,
1719 2659 1875 2705 stans
1911 2649 1966 2704 in
2000 2650 2235 2706 excelsis
2266 2668 2393 2706 cum
2430 2649 2551 2704 aliis
2589 2649 2836 2721 praelatis
2873 2658 2929 2705 et
2967 2647 3274 2718 majoribus

707 2733 884 2805 regni,
921 2734 1016 2806 qui
1054 2752 1166 2790 non
1211 2737 1412 2791 cecinit
1451 2754 1581 2791 cum
1622 2737 1747 2793 aliis
1789 2755 1894 2793 nec
1931 2737 2213 2793 consensit
2252 2755 2455 2793 canere
2493 2738 2527 2768 “
2547 2737 2755 2806 Gloria,
2788 2738 2929 2806 lauS,
2953 2747 3010 2793 et
3053 2737 3232 2791 honor
3246 2735 3276 2762 ''

708 2821 825 2892 regi
853 2840 1014 2890 novo,
1040 2824 1187 2878 male
1210 2833 1298 2878 est
1324 2841 1676 2895 compressus
1701 2835 1758 2880 et
1795 2825 2167 2880 comminatus
2203 2827 2278 2881 ad
2304 2836 2559 2881 mortem.
2632 2825 2951 2896 Episcopus
2976 2823 3274 2888 Roffensis,

709 2910 835 2965 licet
880 2928 916 2964 a
953 2909 1276 2980 justiciariis
1320 2912 1394 2966 ad
1433 2911 1754 2968 faciendum
1799 2911 2126 2969 fidelitatem
2161 2913 2296 2984 regi,
2336 2913 2477 2969 sicut
2522 2913 2708 2970 caeteri
2747 2912 2976 2984 praelati,
3014 2910 3275 2982 interpel-

709 2998 856 3053 latus
893 2996 1105 3067 suisset,
1140 2999 1353 3053 nullam
1391 3009 1580 3055 tamen
1618 2999 1781 3068 secit;
1835 3000 1939 3056 sed
1979 3000 2132 3057 misit
2179 3001 2660 3071 archiepiscopum
2703 3002 2776 3056 ad
2820 2999 3276 3072 respondendum

705 3102 807 3157 pro
831 3102 916 3140 e0.
986 3085 1460 3158 Archiepiscopus
1487 3088 1888 3154 Eboracensis,
1913 3088 2163 3159 episcopi
2191 3089 2619 3155 LondoniensiS,
2646 3089 2946 3158 RoffensiS,
2969 3098 3026 3144 et
3053 3088 3274 3142 Carleo·

706 3173 876 3229 lensis
902 3190 1029 3228 cum
1053 3172 1178 3229 aliis
1205 3191 1316 3229 non
1343 3176 2080 3247 consenserunt.’—Anglia
2106 3177 2305 3245 Sacra,
2334 3177 2367 3231 i.
2394 3179 2515 3246 367.

780 3261 904 3315 Τὴο
952 3261 1231 3316 chronicle
1272 3262 1337 3317 os
1380 3265 1702 3332 Lanercost,
1744 3277 1863 3334 257,
1905 3265 2010 3319 has
2047 3263 2262 3319 similar
2309 3265 2638 3335 particulars
2682 3281 2746 3319 as
2787 3273 2847 3319 to
2888 3265 2985 3320 the
3026 3262 3277 3332 bishops’

707 3348 1022 3415 addresses,
1061 3350 1159 3404 but
1196 3348 1300 3404 has
1336 3366 1372 3404 a
1407 3351 1664 3406 different
1703 3351 1832 3407 date
1867 3352 1983 3406 and
2020 3352 2176 3421 gives
2212 3368 2248 3406 a
2297 3353 2491 3422 longer
2526 3353 2662 3408 time
2701 3352 2766 3420 (it
2804 3351 2910 3406 will
2947 3353 3018 3407 be
3050 3349 3276 3406 noticed

708 3436 831 3491 that
872 3436 967 3490 the
1004 3445 1116 3491 text
1152 3437 1361 3492 chosen
1397 3439 1474 3507 by
1498 3439 1593 3494 the
1626 3438 1831 3510 bishop
1864 3440 1929 3494 os
1947 3439 2306 3495 Winchester
2331 3440 2378 3495 is
2412 3441 2534 3495 that
2561 3439 2741 3494 which
2768 3440 2953 3496 Baker
2977 3440 3081 3494 has
3112 3438 3277 3509 given

709 3541 775 3579 as
800 3523 896 3578 tbe
921 3532 1033 3578 text
1053 3523 1115 3577 of
1136 3524 1230 3580 the
1256 3525 1459 3596 bishop
1475 3526 1539 3581 of
1561 3526 1882 3582 Heresord's
1909 3544 2133 3583 sermon
2158 3538 2215 3582 at
2245 3527 2456 3583 Oxsord
2484 3526 2540 3582 in
2561 3529 2657 3583 the
2682 3527 2944 3598 previous
2970 3527 3239 3596 October)
3262 3543 3276 3581 ε

712 3612 816 3665 ‘In
865 3610 1110 3665 crastino
1152 3621 1360 3681 autem,
1405 3613 1630 3681 scilicet,
1669 3614 1726 3668 in
1766 3614 1911 3670 sesto
1949 3616 2129 3670 sancti
2171 3614 2392 3681 Hilarii,
2432 3615 2753 3686 praedicavit
2796 3616 3093 3688 episcopus
3134 3616 3277 3671 Her·

709 3696 921 3764 fomite,
948 3708 1002 3754 et
1028 3698 1244 3769 accepit
1268 3716 1370 3771 pro
1393 3701 1641 3757 themate
1666 3701 1803 3757 illud
1831 3701 2212 3758 Ecclesiastici
2239 3721 2251 3757 :
2292 3703 2463 3758 “Rex
2487 3703 2757 3775 insipiens
2782 3704 2976 3774 perdet
3012 3703 3278 3774 populum

711 3786 926 3850 suum,’'
950 3796 1004 3840 et
1030 3786 1267 3842 multum
1292 3788 1624 3858 ponderavit
1660 3788 2009 3860 insipientias
2039 3800 2096 3846 et
2121 3790 2404 3846 fatuitates
2439 3790 2586 3861 regis
2622 3801 2678 3847 et
2704 3790 2854 3846 sacta
2890 3808 2993 3846 sua
3029 3790 3278 3861 puerilia,

711 3871 760 3926 si
801 3881 990 3928 tamen
1030 3872 1265 3943 puerilia
1305 3874 1415 3929 dici
1459 3876 1680 3944 debent,
1718 3887 1774 3933 et
1819 3879 1996 3932 multa
2037 3888 2096 3933 et
2135 3878 2291 3933 varia
2333 3877 2633 3933 infortunia
2670 3895 2796 3949 quae
2837 3877 2892 3932 in
2928 3877 3134 3949 Anglia
3175 3895 3278 3933 suo

711 3967 962 4030 tempore
1003 3959 1387 4031 contigerunt3
1436 3973 1494 4019 et
1533 3964 1822 4033 respondit
1871 3964 2057 4020 omnis
2100 3967 2338 4035 populus
2382 3981 2498 4021 una
2538 3982 2709 4022 voce:
2763 3966 3091 4021 “Nolumus
3130 3966 3279 4021 hunc

712 4045 952 4117 amplius
977 4063 1212 4117 regnare
1247 4066 1413 4119 super
1444 4053 1596 4106 nos.”
1670 4051 1780 4107 Die
1815 4062 2002 4107 autem
2041 4052 2294 4124 proximo
2332 4053 2581 4123 sequenti
2621 4053 2944 4124 praedicavit
2981 4053 3279 4127 episcopus

711 4134 1152 4204 Wyntoniensis,
1176 4146 1234 4191 et
1269 4138 1485 4208 accepit
1523 4156 1625 4210 pro
1649 4140 1898 4195 themate
1924 4151 2120 4195 contra
2152 4157 2341 4211 regem
2374 4140 2506 4197 illud
2533 4141 2716 4212 quarti
2742 4144 2997 4214 Regum:
3044 4144 3078 4173 ‘⁴
3097 4146 3283 4218 Caput

713 4238 903 4277 meum
941 4223 1152 4293 doleo,''
1192 4236 1250 4281 et
1291 4226 1535 4282 ostendit
1578 4227 1775 4284 dolens
1818 4228 1970 4299 quod
2010 4228 2291 4284 infirmum
2329 4240 2498 4300 caput
2532 4229 2741 4300 Anglia
2781 4231 3054 4289 habuerat
3090 4233 3279 4290 multis

1848 4328 1891 4371 D
1917 4317 1954 4372 d
1980 4330 2013 4370 2
