4154 4895
922 183 945 230 1
968 186 986 230 ι
1008 184 1041 230 2
1786 171 2277 230 CHRONICON
2318 171 2725 229 GALFRJDI

567 384 874 435 munao.
916 370 1337 435 universitate
1383 368 1619 453 prefati
1662 370 1763 435 sui
1813 371 1993 455 regni
2038 371 2126 436 ad
2168 370 2519 437 cuiuslibet
2561 369 2832 436 scientie
2876 370 3166 436 liberalis
3203 370 3344 436 sine
3393 391 3622 456 super·

622 473 821 490 ’'—
912 491 1189 558 sticione
1231 492 1511 575 gradum
1561 491 2006 575 magistralem
2044 491 2175 558 sint
2222 491 2412 558 multi
2458 492 2857 558 excellentes
2900 491 3117 559 clerici
3162 492 3501 558 sublimati
3552 508 3622 558 et

913 633 1043 679 non
1077 613 1292 678 minus
1334 633 1591 680 morum
1640 613 1987 679 honestate
2025 612 2442 680 laudabiliter
2470 614 2783 680 decorati.
2879 613 3246 699 Rescripsit
3287 614 3624 698 predictus

910 754 1208 801 summus
1254 734 1555 819 pontifex
1599 736 1780 818 quod
1817 735 2126 801 dominus
2162 755 2281 799 rex
2327 735 2597 817 eligeret
2641 734 2811 801 duos
2853 734 3126 801 clericos
3167 734 3269 799 sui
3308 736 3488 817 regni
3531 736 3620 800 ad

910 864 1170 921 tantum
1242 855 1556 921 honorem
1632 856 1949 939 apciores,
2016 867 2083 920 et
2149 857 2322 923 circa
2387 856 2536 922 illos
2599 856 2693 923 sic
2753 856 2997 922 electos
3069 855 3360 923 clemens
3435 868 3624 941 pater

911 976 1240 1042 voluntati
1288 977 1465 1060 regie
1521 997 1909 1043 consensum
1973 977 2252 1043 libenter
2316 977 2633 1051 exiberet,
2693 977 2746 1041 si
2807 988 3034 1043 tamen
3092 976 3284 1043 electi
3347 976 3620 1042 fuissem

911 1098 997 1163 ad
1045 1097 1361 1163 honorem
1412 1097 1537 1164 Del
1581 1108 1650 1164 et
1687 1098 1955 1165 ecclesie
2001 1097 2382 1165 universalis
2428 1098 2672 1164 iudicio
2715 1097 3146 1163 cardinalium
3191 1098 3376 1181 digni
3436 1119 3620 1165 com·

561 1220 773 1338 med
912 1218 1174 1302 probati
1211 1218 1296 1284 ad
1332 1220 1607 1303 petitam
1639 1220 2054 1302 dignitatem.
2149 1218 2418 1286 Electos
2449 1231 2794 1303 propterea
2827 1220 3213 1302 magistrum
3257 1218 3620 1285 Iohannem

559 1354 861 1404 candidum.
915 1338 1254 1417 Bateman‚
1296 1342 1682 1426 episcopum
1730 1340 2218 1406 Norwicensem
2243 1336 2284 1417 ¹,
2329 1352 2397 1407 et
2445 1339 2807 1406 Radulsum
2854 1341 2939 1406 de
2985 1339 3338 1415 Stratsord,
3368 1342 3622 1425 episco-

912 1480 1072 1546 pum
1106 1460 1655 1537 Londoniensem‚
1690 1483 1806 1526 rex
1852 1462 2028 1528 curie
2068 1461 2370 1527 Romane
2407 1482 2524 1546 per
2565 1482 2720 1527 suas
2764 1461 2986 1526 literas
3017 1464 3456 1546 presentavit3
3503 1463 3620 1546 qui

912 1580 1107 1648 finem
1168 1584 1421 1666 negocii
1480 1584 1595 1649 diu
1661 1595 1759 1648 set
1824 1584 2149 1650 incassum
2214 1583 2394 1667 apud
2452 1583 2699 1650 curiam
2761 1582 3085 1667 prefatam
3159 1596 3620 1669 expectatum.

914 1703 1188 1769 Interim
1235 1704 1559 1786 siquidem
1611 1702 1936 1769 Iohannes
1980 1704 2065 1769 de
2107 1701 2393 1780 valesio,
2428 1713 2781 1770 coronatus
2821 1703 3241 1780 Francorum,
3287 1704 3622 1789 profectus

560 1835 810 1951 ml:
912 1825 998 1891 ad
1047 1825 1449 1908 presenciam
1494 1825 1747 1890 domini
1796 1846 1987 1910 pape,
2024 1825 2424 1910 presentavit
2466 1824 2711 1890 multos
2755 1846 2910 1890 suos
2953 1825 3222 1891 clericos
3266 1826 3355 1890 de
3396 1827 3622 1909 gracia

558 1967 765 2021 elected.
791 1976 845 2017 to
909 1946 1085 2011 sedis
1142 1946 1508 2031 apostolice
1566 1948 2089 2030 promovendos;
2144 1966 2232 2011 ex
2277 1946 2518 2029 quibus
2563 1967 2738 2031 papa
2782 1947 3028 2011 creavit
3087 1945 3182 2030 xj.
3233 1947 3620 2021 cardinales,

559 2032 829 2147 fficffn·
909 2067 1172 2133 duobus
1228 2068 1556 2151 episcopis
1616 2068 2110 2151 prenominatis,
2155 2068 2493 2150 utriusque
2554 2068 2710 2131 iuris
2754 2068 3035 2151 egregiis
3081 2068 3482 2141 doctoribus,
3529 2070 3618 2133 ad

560 2162 794 2279 33⁵¹*
911 2188 1187 2254 tutelam
1219 2190 1443 2253 ovium
1482 2190 1601 2253 eiis
1635 2190 2137 2255 commissarum
2172 2189 2550 2255 licenciatis.

560 2319 865 2451 3:222&
1088 2308 1406 2375 Presatis²
1442 2310 1506 2373 in
1540 2309 1675 2375 fieri
1708 2332 1777 2375 sc
1808 2310 2222 2385 habentibus,
2252 2310 2389 2375 duo
2423 2309 2663 2375 milites
2705 2308 3117 2393 stipendiarii
3147 2309 3402 2375 domini
3445 2312 3621 2395 regis

561 2451 805 2517 metzing,
910 2429 1230 2496 Armenie
1274 2444 1589 2498 venerunt
1632 2432 1718 2498 ad
1766 2430 2085 2516 Angliam
2131 2442 2198 2497 et
2245 2431 2416 2514 regis
2461 2431 2885 2516 presenciam,
2930 2432 3352 2497 ostendentes
3396 2431 3622 2498 literas

718 2557 729 2566 “
911 2552 1145 2638 prefati
1193 2553 1365 2634 regis
1410 2551 1623 2628 Greci,
1656 2554 1721 2618 in
1764 2555 2005 2637 quibus
2049 2554 2509 2619 continebatur
2551 2554 2732 2636 quod
2777 2552 2945 2617 alter
2989 2553 3262 2618 istorum
3309 2555 3620 2626 militum.

909 2673 1156 2740 scilicet
1237 2673 1561 2739 Iohannes
1632 2676 1719 2740 de
1793 2674 2162 2739 Viscomite
2182 2675 2228 2746 ³,
2289 2675 2562 2740 nacione
2639 2672 2922 2758 Ciprius,
2996 2673 3297 2750 alterum,
3369 2675 3616 2742 scilicet

908 2794 1244 2860 Thomam
1293 2795 1378 2860 de
1424 2795 1487 2861 la
1524 2794 1814 2870 Marche,
1845 2796 2118 2861 nacione
2164 2793 2491 2861 Gallicum
2533 2807 2599 2860 et
2634 2793 2839 2859 filium
2880 2794 3166 2880 Philippi
3207 2815 3414 2879 nuper
3445 2797 3618 2878 regis

910 2916 1203 2992 Francie,
1262 2929 1359 2980 set
1430 2916 1866 2999 illegitimum,
1910 2915 2339 2982 calumniavit
2382 2917 2469 2981 de
2527 2937 2609 2980 eo
2673 2917 2856 3000 quod
2924 2917 3258 3000 predictus
3317 2915 3618 2982 ‘rhoean

906 3038 1241 3103 debuisset
1307 3058 1348 3102 a
1407 3035 1641 3102 Turcis
1700 3039 2061 3121 quamdam
2133 3037 2271 3102 auri
2335 3057 2662 3102 summam
2725 3037 3046 3121 recepisse
3095 3039 3182 3102 ad
3243 3037 3388 3108 hoc.
3431 3039 3614 3122 quod

906 3159 1275 3226 exercitum
1324 3157 1851 3223 Christianorum
1900 3159 2213 3223 tirannidi
2260 3156 2628 3224 Turcorum
2677 3159 3096 3242 prodidisset,
3138 3171 3204 3224 et
3251 3160 3432 3242 quod
3477 3157 3614 3224 ad·

906 3281 1233 3350 calumnie
1269 3279 1733 3363 probacionem
1769 3277 2096 3344 Iohannes
2126 3278 2459 3344 Thomam
2490 3280 2576 3344 ad
2611 3279 3141 3345 monomachiam
3175 3293 3620 3364 provocas-et,

911 3401 1158 3468 iudicio
1181 3400 1492 3466 Edwardi
1532 3399 1700 3482 rogis
1722 3399 1988 3484 Anglie,
2006 3412 2349 3483 tamquam
2388 3399 2700 3485 principis
2733 3399 3614 3474 fortunatissimi⁸,dirimen·

907 3523 1088 3588 dam.
1182 3522 1308 3588 Pro
1355 3523 1479 3586 ista
1524 3542 1721 3587 causa
1768 3520 2001 3607 prefati
2063 3521 2306 3586 milites
2349 3521 2744 3587 dimicarunt
2793 3520 2955 3586 infra
3003 3521 3290 3604 ligaticia
3351 3521 3616 3606 pallacii

910 3643 1148 3726 regalis
1184 3642 1770 3716 westmonasterii,
1799 3643 1911 3709 die
1948 3642 2138 3708 Lune
2169 3643 2476 3727 proxima
2515 3655 2664 3728 post
2711 3641 2947 3707 festum
2981 3643 3188 3708 sancti
3233 3641 3618 3716 Michaelis:

978 3871 995 3905 ι
1069 3875 1086 3894 .

980 3959 1001 3993 ⁸
1036 3875 1731 4018 ἓοιὲἷγιιέηέιῖιξὶ.ευω
1757 3962 1950 4032 Ciprio
1976 3961 2192 4033 prefati.
2273 3961 2388 4018 7⁷1ae
2401 3963 2547 4033 first
2561 3963 2712 4034 jour
2731 3960 2920 4017 words
2949 3958 3235 4030 eddo-th
3255 3977 3336 4016 aa
3359 3959 3624 4034 nisi-al

908 4049 1101 4105 νυὸν-ι’(
1124 4049 1306 4106 which
1330 4050 1434 4102 has
1459 4051 1587 4108 boen
1609 4051 2007 4122 incorpoream!
2024 4053 2148 4104 e'neo
2169 4047 2264 4106 the
2285 4057 2418 4106 mr.
2461 4051 2522 4106 B.

979 4134 1003 4166 ⁸
1042 4136 1330 4193 Visoount.
1370 4138 1434 4191 C.
2004 4136 2025 4166 ⁸
2062 4155 2112 4191 a.
2159 4138 2218 4191 B.
2785 4134 2810 4168 ⁸
2847 4135 3152 4193 tutissimi.
3190 4137 3256 4192 C.
