4154 4895
908 274 993 350 64
1797 275 2290 333 CHRONICON
2332 276 2440 331 CA
2449 275 2742 332 LFRlln

559 487 873 538 Quaeso.
908 488 975 540 et
1040 473 1339 539 Devonie
1401 472 1610 538 multa
1671 470 1846 537 mala
1904 482 2137 537 contra
2201 472 2561 558 piscatores
2621 472 3028 549 commisere,
3073 484 3142 538 et
3201 493 3402 539 naves
3452 494 3622 558 quas

616 578 815 591 —
910 597 1289 662 invenerunt
1335 594 1660 659 solitarias
1707 594 2183 672 incendebant;
2242 605 2310 658 et
2355 595 2622 659 tandem
2670 593 2735 657 in
2771 594 3149 659 ebdomada
3193 594 3618 661 Pentecosten

910 730 1179 803 portum
1240 718 1325 781 de
1389 715 1855 780 Plummouthe
1912 715 2135 779 subito
2199 715 2488 797 ingressi,
2547 735 2747 778 naves
2818 716 3144 798 quasdam
3205 737 3482 799 magnas
3551 728 3620 780 et

561 853 844 917 Theybnm
911 859 1219 921 magnam
1250 838 1403 902 ville
1436 848 1689 922 partem
1725 835 1984 920 ignibus
2020 836 2390 900 vastabant.
2481 834 2743 919 Quibus
2779 836 2964 901 dedit
3000 836 3266 901 obviam
3310 836 3620 901 dominus

560 917 827 984 Plymouth
911 959 1116 1043 Hugo
1176 961 1261 1025 dc
1323 958 1723 1041 courtenay,
1782 978 2004 1023 comes
2080 957 2397 1034 Devonie‚
2459 956 2646 1021 miles
2710 958 3187 1040 octogenarius,
3246 979 3400 1025 cum
3473 958 3620 1023 aliis

774 1015 799 1047 b

559 1015 727 1157 Τξεζι
724 1017 811 1142 2⁰10·
911 1080 1230 1144 militibus
1282 1079 1453 1144 illius
1499 1080 1872 1145 comitatus.
1997 1077 2133 1155 Isti,
2181 1091 2332 1163 post
2394 1078 2837 1163 perdicionem
2897 1080 3341 1162 quorumdam
3404 1102 3616 1164 popu·

555 1156 797 1208 desum.
910 1201 1143 1266 larium
1176 1201 1291 1284 qui
1336 1200 1657 1265 dearmati
1688 1199 1999 1283 quarellis
2040 1200 2526 1265 balistariorum
2563 1200 3028 1275 occubuerunt,
3059 1201 3329 1265 demum
3370 1200 3620 1286 piratas

908 1322 1206 1389 cominus
1264 1321 1741 1405 aggredientes,
1786 1320 2032 1385 multos
2090 1341 2288 1405 super
2344 1320 2602 1385 aridam
2665 1331 3134 1397 mactaverunt,
3199 1322 3468 1406 reliquis
3528 1323 3616 1387 ad

909 1444 1172 1527 navigia
1229 1443 1580 1519 ventilatis,
1637 1454 1704 1506 et
1767 1440 2052 1506 multos¹
2117 1441 2381 1524 navigio
2439 1461 2569 1506 non
2630 1441 2923 1506 valentes
2980 1442 3378 1526 appropiare
3438 1463 3622 1507 mare

908 1564 1278 1641 submersit,
1336 1565 1422 1630 ad
1486 1584 1831 1627 numerum
1890 1562 2420 1647 quingentorum,
2479 1564 2838 1628 secundum
2906 1563 3403 1630 estimacionem
3461 1576 3620 1629 tunc

909 1685 1317 1772 presencium
1364 1685 1633 1749 ibidem.

1084 1806 1278 1870 Nova
1331 1805 1586 1870 funesta
1638 1805 1809 1889 regis
1859 1825 2050 1870 aures
2097 1804 2160 1869 in
2214 1803 2579 1870 Brabancia
2630 1805 3102 1870 commorantis
3161 1816 3617 1891 percusserunt

909 1947 1025 2010 per
1076 1938 1435 1990 asserentes
1486 1928 1666 2008 quod
1722 1925 2183 2010 Hamptonam
2229 1937 2295 1991 ct
2345 1925 2512 1990 alios
2566 1937 2796 2010 portus
2844 1925 3091 2009 Anglie
3142 1947 3295 1992 cum
3353 1926 3615 1991 illorum

562 2053 776 2131 1311qu
907 2047 1170 2127 navigio
1220 2047 1428 2130 pirate
1488 2046 1783 2112 crudeles
1843 2047 2080 2111 tiranni
2135 2046 2535 2112 Francorum
2596 2048 3040 2112 devastarunt.
3133 2046 3429 2123 Proinde,
3481 2048 3620 2110 suis

559 2123 823 2239 {5333ss
908 2168 1137 2232 amicis
1181 2188 1401 2231 secum
1463 2169 1889 2252 presentibus,
1937 2168 2184 2233 scilicet
2233 2166 2592 2234 marchioni
2648 2166 2992 2233 Iuliaccnsi
3042 2180 3108 2232 et
3157 2168 3620 2241 cardinalibus,

911 2288 1221 2372 exposita
1261 2288 1644 2352 necessitate
1685 2309 1755 2351 se
1800 2288 2174 2354 vindicandi
2214 2289 2278 2352 in
2323 2309 2517 2353 suum
2558 2289 3004 2353 adversarium
3043 2288 3372 2353 tirannum
3413 2288 3620 2353 Fran·

559 2424 689 2501 ‘nne‘
806 2489 822 2512 ‚
912 2428 1160 2484 corum,
1223 2408 1465 2493 recepit
1541 2430 1580 2474 a
1649 2410 2091 2476 cardinalibus
2149 2409 2287 2475 tale
2343 2430 2772 2495 responsum:
2847 2408 3236 2492 ‘Regnum,'
3296 2408 3620 2495 inquiunt.

557 2488 777 2606 21¹3&
780 2509 805 2538 ⁸
911 2535 927 2562 ⁸
958 2529 1227 2595 Francie
1274 2527 1386 2594 filo
1430 2530 1637 2595 serico
1681 2531 2228 2615 circumcingitur,
2257 2533 2436 2615 quod
2488 2542 2632 2596 tota
2684 2531 2986 2615 potencia
3029 2531 3209 2614 regni
3239 2529 3616 2614 Anglorum

911 2671 1040 2714 non
1082 2650 1403 2716 sufficeret
1442 2651 1824 2734 infringere3
1873 2665 2239 2737 propterea,
2269 2652 2536 2718 domine
2579 2673 2716 2728 rex,
2745 2665 3058 2736 expectes
3104 2652 3505 2718 Teutonicos
3548 2665 3616 2716 ct

911 2771 1076 2836 alios
1107 2772 1227 2835 tibi
1259 2772 1730 2849 confederatOS,
1760 2794 2040 2855 quorum
2076 2774 2286 2838 maior
2316 2773 2508 2857 copia
2549 2773 2669 2837 tibi
2714 2774 2896 2837 deest
2939 2772 3176 2848 adhuc,
3209 2784 3277 2836 ut
3325 2773 3616 2857 ipsorum

914 2892 1245 2956 adiutorio
1303 2893 1522 2956 saltim
1583 2893 1864 2958 videaris
1940 2915 2134 2978 posse
2195 2892 2510 2958 Gallicis¹
2581 2914 2833 2968 nocere,
2893 2905 3096 2976 atque
3153 2905 3310 2960 tunc
3387 2913 3617 2977 paoem

914 3012 1385 3088 honorabilem,
1439 3015 1628 3078 nobis
1676 3013 1801 3077 Dei
1838 3016 2059 3096 gracia
2105 3016 2564 3090 mediantibus,
2608 3035 2758 3080 cum
2819 3014 3073 3099 potenti
3134 3036 3286 3098 rege
3349 3013 3622 3079 francie

915 3134 1159 3218 poteris
1189 3131 1524 3218 optinere.'
1606 3134 1721 3199 Ad
1754 3134 1873 3200 hec
1907 3136 2227 3218 indignati
2262 3157 2377 3200 rex
2410 3149 2474 3200 et
2507 3136 2606 3200 sui
2636 3136 2930 3208 comites,
2963 3136 3140 3200 nulla
3170 3135 3624 3220 contemplata

909 3256 1381 3339 expectacione
1421 3254 1936 3320 Teutonicorum
1976 3278 2090 3320 seu
2139 3257 2410 3340 pecunie
2453 3259 2540 3320 de
2572 3255 2818 3338 Anglia
2862 3254 3093 3332 future,
3128 3276 3330 3339 quam
3375 3275 3622 3340 expec-

911 3377 1118 3441 tando
1177 3389 1439 3461 tempus
1501 3379 1711 3460 magis
1770 3389 2002 3461 aptum
2064 3399 2298 3460 guerre
2374 3379 2700 3462 inlapsum
2762 3399 2879 3442 rex
2939 3377 3270 3460 cognovit,
3338 3375 3622 3441 finaliter

912 3497 1335 3562 sentenciavit
1400 3519 1469 3561 se
1532 3499 1594 3562 in
1656 3510 1895 3562 terram
1970 3498 2242 3565 Francie
2299 3500 2548 3562 vexillo
2607 3499 2958 3583 displicato
3021 3499 3491 3582 equitaturum,
3549 3511 3620 3563 et

912 3617 1282 3702 potenciam
1320 3617 1717 3683 Francorum
1755 3620 2227 3684 comminatam
2259 3630 2868 3704 expectaturum,et
2900 3619 3080 3701 quod
3120 3617 3299 3683 illam
3333 3618 3622 3684 vinceret

912 3739 1293 3823 prebentem
1340 3759 1683 3804 occursum
1730 3753 1845 3804 aut
1890 3740 2164 3806 honeste
2205 3742 2332 3804 sub
2378 3741 2488 3805 illa
2535 3753 2911 3805 moreretur.

566 3888 776 3940 ain-d
1088 3860 1291 3924 Anno
1326 3859 1595 3924 Domini
1632 3862 2114 3925 M.c('c.xxxix.
2148 3875 2214 3926 ct
2249 3862 2428 3944 regni
2465 3861 2563 3925 sui
2591 3861 2836 3944 Anglie
2878 3858 3036 3942 xiij„
3071 3859 3133 3923 in
3164 3858 3385 3942 vigilia
3411 3859 3620 3924 sancti

564 3957 768 4078 ίξζᾞὲῗ
916 3980 1169 4045 Mathei
1192 3983 1233 4052 ³,
1267 4002 1417 4047 cum
1454 3981 1569 4065 xij.
1604 3983 1868 4046 milibus
1911 3996 2316 4048 armatorum
2364 3995 2592 4049 contra
2628 3983 2957 4047 tirannum
2991 3981 3239 4046 vexillo
3268 3979 3620 4065 displicato

565 4103 628 4138 '0
652 4093 785 4152 δεμ·
917 4103 1155 4186 incepit
1197 4103 1509 4185 equitare,
1548 4105 1938 4170 comburens
1979 4117 2045 4169 et
2087 4106 2425 4170 destruens
2457 4101 2690 4168 villas⁴
2728 4115 2794 4168 et
2839 4115 3054 4168 castra
3088 4101 3620 4184 circumquaque.

1060 4237 1073 4268 ¹
1116 4239 1320 4293 multis.
1364 4240 1424 4294 B.
1568 4241 1589 4273 ¹
1626 4241 1781 4296 Here
1808 4244 1871 4297 C.
1890 4259 2150 4296 resumes.
2369 4239 2389 4272 ⁸
2433 4241 2645 4299 Matbei
2675 4239 2927 4312 apostoli.
2956 4239 3019 4295 C.
3166 4239 3186 4270 ⁸
3223 4237 3366 4293 villa.
3411 4237 3475 4292 Β.
