4154 4895
607 489 743 539 ιθ.
754 489 912 539 1880.

601 850 817 968 sm

602 983 749 1033 made

602 1050 798 1099 'arden
822 1046 883 1097 of

600 1114 684 1163 the
702 1116 802 1178 city
815 1112 913 1164 md

603 1179 688 1230 the
712 1190 879 1229 tower.

600 1816 814 1868 Gener-1

599 1886 875 1936 confusion.

598 3040 867 3093 swendet

598 3110 659 3159 of
680 3107 853 3157 Bri-201

597 3185 653 3225 to
674 3174 761 3224 the

597 3255 771 3307 queen.

600 3756 870 3808 Enecntion

597 3826 653 3870 of
675 3825 757 3872 the

597 3889 729 3938 elder
756 3889 878 3938 Deu-

600 3970 787 4019 ρετινετ.

956 289 1038 350 24
1815 278 1866 335 C
1864 276 2187 336 HRONIC
2187 278 2308 336 ΟΝ
2372 278 2783 337 GALFRJD!

951 478 1171 561 gracie
1200 475 1627 543 sublevamen
1653 477 1928 544 faciliter
1955 488 2108 542 sunt
2139 478 2494 543 consecuti.
2562 478 2754 544 Tunc
2778 478 2938 563 regii
2978 479 3258 547 ministri
3293 501 3408 566 per
3436 491 3656 548 totum

952 619 1226 682 regnum
1259 598 1515 664 confusi
1548 608 1701 663 sunt
1735 620 1961 683 regem
1999 600 2326 665 advocare
2361 610 2477 665 aut
2513 621 2586 665 se
2625 601 2795 684 regis
2819 601 3174 667 familiares
3211 604 3656 688 nuncupare¹;

951 730 1179 785 tantus
1217 740 1422 802 pavor
1463 740 1732 803 gregem
1780 721 2149 804 perterruit,
2189 741 2343 805 rege
2390 731 2656 804 pastore
2708 732 3073 805 persecuto.
3195 724 3450 789 Omnes
3495 724 3656 805 regii

954 841 1233 907 ministri
1281 842 1519 925 reperti
1568 842 1631 905 in
1679 841 1835 907 turri
1901 841 2398 906 Londoniarum
2460 862 2578 925 per
2639 841 3142 909 Londonienses
3197 846 3403 910 amoti
3458 845 3658 921 fuere,

954 962 1107 1026 novi
1140 982 1406 1046 quoque
1436 963 1780 1029 constituti
1823 962 1948 1027 sub
1986 964 2253 1026 nomine
2290 963 2542 1027 domini
2595 962 2909 1027 Iohannis
2956 962 3296 1039 Delfi-tam,
3331 966 3516 1049 pueri
3565 967 3656 1031 ix.

951 1103 1293 1159 annorum,
1347 1082 1463 1148 filii
1519 1084 1710 1167 regis,
1760 1080 2002 1166 quem²
2058 1084 2408 1148 custodem
2462 1084 2749 1149 civitatis
2801 1094 2867 1149 et
2929 1086 3126 1149 turris
3177 1088 3653 1153 nominarunt³.

952 1204 1106 1269 Fuit
1151 1206 1327 1269 enim
1373 1205 1551 1288 apud
1597 1224 1830 1269 omnes
1877 1206 2093 1287 regios
2136 1205 2549 1269 adversarios
2595 1205 2852 1270 cautela
2897 1205 3239 1289 generalis,
3286 1209 3486 1291 quod,
3533 1208 3655 1273 nisi

953 1325 1220 1391 nomine
1248 1325 1526 1391 alicuius
1559 1324 1841 1389 filiorum
1876 1346 2162 1402 suorum,
2195 1324 2448 1389 nullum
2495 1324 2746 1390 facinus
2790 1325 3063 1391 lesivum
3105 1328 3356 1409 regiam
3397 1349 3656 1411 mages·

951 1456 1163 1512 tatem
1206 1445 1545 1519 ordiretur,
1578 1456 1671 1523 ut,
1702 1446 1756 1510 si
1801 1446 2070 1511 forsitan
2116 1444 2373 1511 iusticia
2414 1446 2653 1528 regalis
2682 1447 2767 1511 ad
2818 1446 3021 1512 libere
3066 1447 3438 1513 faciendum
3470 1450 3652 1533 quod

949 1568 1148 1633 vellet
1182 1568 1245 1632 in
1280 1588 1482 1651 regno
1514 1577 1581 1631 et
1615 1581 1835 1651 posset
1876 1568 1960 1632 de
1991 1567 2128 1632 iure
2166 1566 2331 1632 foret
2361 1565 2720 1649 aliquando
2754 1568 3158 1643 resuscitata,
3193 1570 3255 1633 in
3291 1569 3459 1633 filios
3501 1592 3656 1635 suos

952 1689 1276 1773 proprioS,
1308 1699 1656 1771 tamquam
1687 1688 2162 1752 demeritorum
2196 1687 2592 1771 principales
2622 1700 2944 1765 auctores,
2974 1691 3302 1755 deseviret
3317 1688 3362 1754 ⁸.

1126 1810 1237 1875 Sic
1268 1808 1682 1875 confusione⁵
1714 1807 1813 1872 fas
1841 1819 1907 1873 et
1949 1808 2131 1872 nefas
2175 1818 2328 1872 sunt
2361 1806 2608 1885 collisa,
2639 1817 2711 1873 ut
2750 1829 2984 1875 omnes
3015 1830 3287 1895 rapaces
3331 1821 3397 1876 et
3438 1810 3656 1875 homi-

949 1931 1135 1996 cidas
1180 1940 1247 1995 et
1284 1932 1408 1995 sub
1453 1929 1890 1995 indifferencia
1930 1949 2383 2012 quoscumque
2429 1929 2834 1994 facinorosos
2877 1927 3137 1995 sceleris
3185 1931 3542 2015 impunitas
3586 1942 3654 1996 et

947 2053 1139 2117 venie
1194 2050 1471 2116 facilitas
1513 2051 1577 2115 in
1626 2071 1745 2113 sua
1792 2049 2051 2132 flagicia
2100 2060 2552 2133 provocarent.
2645 2050 2758 2117 Sic
2805 2052 3004 2116 crevit
3051 2052 3276 2117 subito
3323 2053 3654 2137 rapacitas

953 2173 1295 2257 impunita,
1340 2182 1432 2245 ut,
1482 2171 1875 2253 ubicumque
1923 2171 2311 2254 reperiretur
2355 2171 2574 2253 regius
2617 2172 2886 2249 amicus»,
2933 2181 3046 2237 aut
3086 2172 3220 2236 suis
3263 2173 3658 2256 spoliaretur

950 2306 1067 2359 aut
1109 2294 1245 2357 vita
1283 2292 1666 2376 privaretur,
1695 2303 1795 2355 set
1845 2291 2135 2375 impune.
2231 2290 2619 2356 Sufficiebat
2651 2293 2826 2356 enim
2877 2292 3206 2358 iniurianti
3249 2294 3656 2378 exprobrare

952 2413 1234 2499 pacienti
1270 2414 1441 2494 regis
1470 2412 1855 2478 amiciciam.
1952 2410 2198 2477 Profuit
2235 2412 2357 2476 sub
2391 2413 2516 2477 ista
2560 2412 2941 2478 confusione
2974 2414 3242 2479 cuilibet
3287 2414 3655 2480 facinoroso

950 2536 1085 2600 suis
1124 2534 1400 2616 flagiciis
1439 2535 1698 2599 adicere
1738 2534 2212 2619 prodicionem.
2305 2533 2536 2598 Multis
2583 2535 2647 2598 in
2693 2535 2822 2598 isto
2862 2535 3064 2600 modo
3105 2536 3310 2600 crevit
3358 2535 3654 2612 facultas,

951 2657 1355 2721 reddebatur
1400 2655 1712 2732 libertas3
1773 2666 1860 2730 et,
1906 2655 1962 2718 si
2010 2675 2182 2737 quos
2230 2655 2540 2738 preterita
2588 2655 2844 2721 iusticia
2893 2656 3129 2738 regalis
3184 2656 3437 2740 punivit
3499 2679 3652 2741 pro·

948 2779 1256 2854 diciosos,
1289 2778 1465 2861 ipsos
1511 2776 1595 2841 ad
1643 2776 1953 2861 pristinas
1998 2775 2269 2841 divicias
2315 2787 2382 2840 et
2428 2775 2717 2840 honores
2762 2777 3050 2842 restituit
3094 2789 3398 2862 potenter
3437 2779 3652 2841 muni-

952 2898 1221 2964 ficencia
1269 2898 1510 2980 regine.

1123 3018 1537 3084 Gloucestria
1598 3018 1844 3094 relicta,
1888 3017 1971 3082 ad
2018 3016 2242 3081 villam
2293 3017 2636 3090 Bristollie.
2683 3037 2906 3101 quam,
2968 3028 3039 3083 ut
3101 3029 3468 3103 pretactum
3531 3031 3654 3090 est.

957 3140 1266 3226 ocupavit
1347 3139 1551 3224 Hugo
1630 3139 2004 3224 Despcnser
2079 3152 2286 3222 pater,
2351 3138 2576 3222 regina
2655 3159 2805 3203 cum
2879 3139 3175 3204 exercitu
3250 3141 3656 3224 properavit,

948 3264 1293 3329 obsessura
1317 3273 1453 3326 tam
1487 3261 1710 3325 villam
1743 3280 1941 3344 quam
1966 3275 2272 3334 castrum,
2306 3259 2357 3324 si
2389 3260 2812 3343 oportuisset.
2881 3258 2998 3324 Set
3032 3260 3178 3324 loca
3211 3262 3650 3326 munitissima

946 3385 1145 3450 solita
1191 3403 1475 3447 reserare
1520 3382 1905 3466 desperatio
1950 3380 2272 3464 compulit
2318 3401 2709 3464 generosum
2758 3380 2939 3445 illum
2987 3382 3301 3445 comitem
3365 3381 3428 3446 in
3490 3382 3654 3446 irate

947 3506 1189 3571 femine
1251 3503 1763 3568 misericordiam
1824 3524 1896 3568 se
1947 3515 2015 3567 et
2074 3524 2194 3567 sua
2255 3515 2492 3567 cuncta
2565 3504 3052 3567 commendare.
3175 3501 3655 3567 Reddebantur

949 3629 1150 3710 igitur
1180 3626 1335 3690 villa
1381 3645 1529 3690 cum
1575 3637 1829 3702 castro;
1875 3646 2010 3707 quo
2056 3624 2366 3706 ingressa.
2410 3625 2638 3705 virago
2685 3624 2866 3688 iussit
2913 3623 3225 3688 comitem
3279 3625 3650 3708 predictum

951 3751 1091 3814 sine
1143 3747 1491 3831 questione
1548 3767 1662 3810 scu
1726 3745 2149 3829 responsione
2210 3743 2388 3808 finali
2449 3744 2773 3828 supplicio
2831 3743 3223 3828 detorqueri.
3311 3742 3654 3826 Alligatur

948 3869 1294 3937 confestim
1332 3879 1635 3932 strenuus
1666 3867 1773 3931 ille
1807 3865 2011 3936 miles,
2044 3865 2330 3931 brachiis
2357 3879 2422 3931 et
2471 3866 2652 3930 tibiis
2685 3865 2748 3930 in
2782 3864 3053 3948 longum
3086 3864 3436 3949 protensis.
3466 3879 3550 3936 et,
3585 3866 3648 3928 in

950 3994 1156 4077 ipsius
1198 3990 1477 4054 viventis
1520 4001 1895 4073 conspectu.
1942 3988 2186 4052 viscera
2249 3987 2512 4072 propria
2570 3988 2656 4050 de
2715 4000 2943 4051 ventre
3006 3987 3243 4052 insciso
3302 3985 3654 4051 crudeliter

1020 4149 1034 4182 ⁸
1078 4151 1404 4221 nuncupari.
1444 4151 1505 4206 B.
1720 4149 1742 4182 ⁸
1803 4169 1989 4222 quam.
2036 4151 2096 4205 Β.
2365 4147 2386 4178 ⁸
2423 4149 2756 4204 nominaret.
2801 4151 2860 4204 Β.
3100 4149 3120 4176 ⁴
3158 4149 3474 4205 denen-im.
3519 4149 3578 4202 B.

2054 4237 2075 4267 ⁶
2113 4236 2442 4293 confusioni.
2487 4239 2546 4292 B.
