4154 4895
681 2757 717 2804 1.
743 2758 862 2807 ue.

965 260 1083 325 172
1778 249 2255 305 CHRONICUL
2267 250 2393 306 UA!
2440 248 2850 305 GALFRIDI

954 452 1043 515 de
1073 450 1411 515 Aldeham
1454 451 1632 533 apud
1667 448 2189 533 Wyndoeouere.
2302 449 2631 515 Dominus
2673 448 2972 515 Thomas
3005 448 3377 534 Colepeper
3420 462 3673 513 tractus

955 584 1096 636 erat
1127 583 1195 637 et
1225 590 1583 653 suspensus
1612 572 1792 655 apud
1823 569 2245 654 Wynchelse.
2341 571 2670 636 Dominus
2717 570 3023 655 Rogerus
3053 572 3139 635 de
3179 569 3452 636 Mortuo
3484 572 3675 643 mari.

958 692 1175 758 senior
1215 704 1280 757 et
1333 692 1567 767 iunior,
1601 691 1960 756 Mauricius
2008 693 2096 757 de
2152 691 2429 758 Berkele
2472 692 2710 767 senior,
2746 691 3075 757 Iohannes
3117 691 3204 757 de
3252 690 3675 765 Charletone,

963 812 1297 879 Robertus
1340 813 1424 877 de
1476 811 1796 895 Hoylond
1846 813 2277 878 reddiderunt
2323 834 2395 877 se
2440 811 2768 877 voluntati
2811 812 3063 877 domini
3114 812 3306 895 regis.
3350 812 3463 894 qui
3510 811 3675 877 loeis

957 930 1264 998 diversis¹
1289 933 1532 999 carceri
1557 944 1747 997 erant
1781 934 2161 1016 mancipati.
2242 933 2515 998 Domini
2546 933 2872 998 Iohannes
2899 934 2986 999 de
3020 932 3407 1007 Boutetour,
3435 931 3671 996 Iohan-

959 1076 1074 1119 nes
1118 1056 1204 1119 de
1253 1053 1713 1137 Kyngestune‚
1747 1052 2117 1118 Nicholaus
2148 1053 2233 1118 de
2267 1053 2497 1137 Percy,
2532 1054 2861 1118 Iohannes
2897 1053 3313 1118 Mautravers
3347 1052 3575 1123 iunior,
3604 1066 3673 1116 et

959 1174 1331 1240 willelmus
1350 1173 1617 1240 Trossel
1645 1175 2041 1239 transierunt
2068 1195 2268 1239 mare.
2338 1174 2611 1240 Domini
2638 1174 2699 1238 11
2710 1173 2886 1258 ugho
2908 1176 2997 1240 de
3022 1172 3286 1239 Audele
3306 1174 3539 1247 iunior,
3568 1172 3675 1237 lo-

960 1295 1209 1361 hannes
1239 1298 1326 1361 de
1347 1294 1804 1381 Wylingtone‚
1832 1294 2215 1360 Gilebertus
2244 1294 2552 1369 Talcbot‚
2583 1295 2912 1361 Iohannes
2947 1296 3251 1371 Mandu&
3282 1295 3677 1360 Edmundus

965 1417 1288 1493 Haclude,
1311 1416 1640 1481 lohannes
1656 1417 1741 1480 de
1761 1416 1962 1500 Sapy,
1987 1416 2327 1482 Robertus
2349 1416 2844 1482 deWatheville
2886 1416 3229 1501 Philippus
3244 1417 3331 1481 de
3350 1416 3411 1481 la
3440 1416 3677 1485 Becbe.

965 1537 1293 1602 Iohannes
1323 1538 1410 1601 de
1452 1536 1691 1611 Becke,
1725 1536 2055 1602 Henricus
2093 1539 2179 1602 de
2223 1535 2640 1601 Laibourne:
2691 1537 2799 1601 isti
2844 1538 3095 1609 decem,
3128 1557 3280 1602 cum
3326 1536 3675 1618 sexaginta

957 1658 1221 1722 duobus
1250 1656 1399 1722 aliis
1433 1658 1771 1733 militibus,
1802 1667 1956 1723 sunt
1991 1658 2053 1722 in
2090 1658 2365 1721 diversis
2397 1657 2559 1721 locis
2588 1658 2828 1722 carceri
2865 1658 3243 1741 mancipati.
3364 1656 3578 1737 mori.¹

1139 1791 1542 1842 mcccxxv.
1681 1777 1972 1843 Domina
2051 1777 2353 1857 isabella,
2429 1778 2835 1843 nobilissima
2912 1778 3138 1861 regina
3198 1778 3465 1861 Angue,
3522 1796 3675 1842 cum

960 1898 1233 1963 domino
1283 1899 1616 1963 Edwardo
1663 1897 1801 1963 filio
1846 1919 1982 1971 suo,
2017 1919 2139 1983 pro
2186 1919 2347 1983 pace
2395 1899 2562 1963 inter
2606 1900 2952 1963 dominum
3004 1899 3405 1964 Edwardum
3452 1918 3675 1981 regem

961 2018 1227 2101 Anglie,
1258 2019 1566 2083 maritum
1599 2039 1811 2095 suum,
1841 2031 1906 2083 et
1941 2039 2164 2103 regern
2204 2019 2476 2085 Francie
2522 2019 2959 2093 reformanda,
2986 2021 3047 2083 in
3086 2019 3429 2083 Franciam
3460 2032 3675 2083 trans-

959 2140 1241 2205 fretavit.
1336 2139 1424 2203 Et
1455 2160 1630 2204 anno
1663 2141 1973 2224 proximo
2003 2153 2341 2224 sequente,
2370 2161 2521 2206 cum
2554 2141 2840 2205 dominis
2878 2140 3167 2205 Iohanne
3208 2141 3294 2205 de
3329 2139 3677 2209 Henoude.

964 2260 1233 2343 Rogero
1280 2262 1366 2325 de
1417 2260 1692 2325 Mortuo
1754 2262 1938 2333 mari,
1992 2272 2057 2326 et
2108 2282 2348 2345 magna
2396 2260 2821 2326 multitudine
2856 2261 3231 2343 Anglorum
3281 2276 3347 2325 ct
3400 2261 3673 2325 Hanou·

960 2383 1219 2458 dorum,
1249 2383 1429 2466 apud
1477 2382 1857 2466 §ipeswiche
1904 2383 1968 2446 in
2016 2381 2338 2466 Angliam
2384 2381 2726 2466 applicuit.
2824 2382 2909 2446 Et
2958 2384 3195 2447 eodem
3246 2402 3423 2446 anno
3472 2382 3679 2464 nugo

967 2502 1421 2586 Dispensator‚
1466 2524 1687 2568 comes
1735 2502 2116 2585 Wyntonie‚
2147 2505 2327 2589 apud
2378 2503 2805 2576 Bristolliarn.
2850 2515 2912 2567 et
2969 2503 3173 2586 Hugo
3222 2503 3679 2586 Dispensator.

967 2622 1138 2687 filius
1183 2623 1341 2698 eius,
1371 2624 1550 2707 apud
1601 2623 2084 2698 Heresordiam,
2130 2645 2280 2690 eum
2328 2623 2631 2707 Symone
2674 2625 2760 2689 de
2809 2623 3095 2707 Rading.
3140 2625 3334 2690 tracti
3382 2637 3565 2689 erant
3610 2639 3673 2688 et

967 2744 1286 2828 suspensi.
1413 2744 1500 2808 Et
1546 2744 1854 2809 dominus
1905 2745 2297 2810 Edmundus
2340 2766 2565 2811 comes
2608 2747 2693 2810 de
2740 2745 3061 2814 Arundel.
3106 2745 3289 2828 apud
3336 2745 3675 2828 Salopiam

964 2877 1111 2931 erat
1142 2879 1394 2949 captus,
1426 2878 1488 2929 et
1522 2865 1701 2950 apud
1741 2865 2203 2931 Heresordiam
2236 2867 2621 2931 decollatus.
3361 2861 3591 2950 [xxij]

1146 2986 1572 3068 M.ccc.xxvj.
1665 2986 1995 3052 Dominus
2045 2988 2415 3052 Edwardus
2456 3002 2607 3071 post
2650 2999 3086 3071 conquestum
3132 2989 3457 3052 secundus
3494 3007 3679 3052 coro·

964 3129 1119 3174 narn
1155 3108 1334 3191 regni
1381 3108 1656 3172 domino
1693 3108 2046 3184 EdwardO,
2082 3107 2217 3172 filio
2254 3131 2375 3174 suo
2408 3109 2868 3193 primogenito.
2899 3107 3079 3192 apud
3116 3107 3543 3172 Kenclwrthe
3581 3127 3677 3170 re-

963 3230 1266 3312 signavit.
1363 3228 1450 3292 Et
1492 3230 1729 3293 eodem
1761 3249 1953 3304 anno,
1984 3230 2094 3293 die
2138 3250 2255 3293 xx.
2289 3228 2721 3313 Septembris,
2754 3230 2932 3314 apud
2982 3227 3389 3293 Berlteleietn
3435 3229 3499 3292 in
3542 3228 3679 3292 fata

963 3353 1290 3427 decessit3
1338 3361 1403 3414 et
1447 3351 1625 3435 apud
1673 3349 2155 3415 Gloucestriam
2201 3351 2266 3414 in
2308 3350 2581 3416 ecclesia
2618 3350 3031 3416 conventuali
3063 3351 3271 3415 sancti
3310 3350 3499 3418 Petri.
3536 3351 3677 3430 xxj.

963 3473 1073 3538 die
1109 3471 1510 3538 Decembris,
1546 3470 1905 3536 honorifice
1938 3473 2223 3536 traditur
2254 3472 2609 3556 sepulture.
2695 3473 2949 3536 Eodem
2984 3493 3137 3536 vero
3165 3491 3342 3535 anno
3372 3472 3679 3534 dominus

970 3593 1338 3658 Edwardus
1385 3605 1534 3676 post
1582 3605 2016 3675 conquestum
2068 3594 2327 3664 tercius,
2382 3595 2586 3657 tercio
2646 3595 2757 3658 die
2826 3593 3181 3666 Februarii,
3228 3593 3407 3677 apud
3464 3590 3679 3654 west·

969 3715 1433 3780 monasterium
1481 3727 1621 3777 erat
1668 3727 2040 3778 coronatus,
3448 3713 3592 3792 xxj.

1143 3836 1579 3899 ›hccexxim
1687 3835 2014 3898 Dominus
2080 3835 2473 3899 Edmundus
2531 3836 2615 3898 dc
2663 3833 3091 3908 wodestoke,
3134 3854 3357 3898 comes
3419 3833 3679 3900 cancie.

965 3957 1144 4040 apud
1179 3954 1610 4040 wyntoniam
1645 3954 1764 4020 suit
1798 3955 2183 4020 decollatus.
2280 3957 2611 4020 Dominus
2648 3955 2952 4036 Rogerus
2994 3957 3079 4018 de
3117 3953 3385 4019 Mortuo
3418 3957 3579 4018 mari
3614 3969 3677 4016 et

969 4075 1228 4160 Symon
1261 4077 1345 4142 de
1382 4075 1691 4142 Beresord
1725 4079 1906 4160 apud
1943 4077 2324 4142 Londonias
2349 4090 2530 4141 erant
2566 4077 2757 4140 tracti
2791 4088 2855 4139 et
2892 4075 3209 4158 suspensi.
3412 4077 3593 4157 xviij.

1629 4211 1643 4244 ¹
1684 4215 1904 4269 diversi.
1951 4216 2008 4268 Β.
2556 4213 2574 4244 ¹
2613 4211 2941 4283 misplaced.
2986 4213 3045 4266 ll.
