4154 4895
1241 296 1357 351 LE
1399 295 1693 351 BAKER
1731 294 1855 350 DE
1895 295 1947 350 S
1957 295 2037 349 W
2043 294 2516 353 YNEBROKE.
3110 303 3232 372 125

525 508 740 564 certos
801 495 1115 563 articulos
1182 495 1530 579 premissos
1604 494 1772 559 soret
1846 494 2147 560 consulte
2219 495 2613 562 faciendum.
2701 496 3030 563 Attamen
3111 518 3229 583 per
3253 503 3570 557 A-nasm-

525 640 768 704 papam
796 618 960 683 nihil
999 619 1120 683 fuit
1153 618 1542 683 innovatum
1572 636 1788 699 neque
1818 616 2252 682 reformatum
2272 614 2314 695 ¹,
2351 619 2532 701 quod
2561 620 2648 685 ad
2691 640 2925 705 pacem
2958 619 3231 687 ecclesie
3257 701 3311 747 A
3329 572 3551 753 ἵζω

524 751 592 805 et
636 760 985 823 regnorum
1029 738 1412 805 notabiliter
1452 736 1721 803 valeret.
1817 737 2175 820 Propterea
2219 739 2438 804 nuncii
2481 740 2569 805 ad
2615 761 2854 825 graves
2899 761 3231 824 expensas
3259 764 3427 815 Denth
3451 765 3510 816 ot

525 862 677 928 illuc
708 861 1019 927 destinati
1053 861 1197 927 sine
1236 859 1474 926 effectu
1512 859 2019 937 revertebantur,
2048 859 2328 946 dempto
2364 862 2545 945 quod
2588 862 2904 947 episcopo
2945 862 3229 946 Norwy-
3258 831 3506 958 gabata.

522 983 718 1060 censi,
746 983 889 1047 viro
922 1002 1162 1066 magne
1199 980 1517 1067 sapientie
1557 946 1802 1045 ibidem
1834 980 2107 1045 obeunti
2149 990 2218 1046 et
2262 981 2542 1067 sepulto,
2573 983 2885 1049 successit
2920 983 3230 1049 dominus
3255 961 3519 1077 §ffihrssffcfl‘

523 1103 823 1169 Thomas
866 1105 952 1169 de
1000 1104 1227 1187 Percy,
1274 1102 1645 1188 provisione
1688 1101 1941 1166 domini
1985 1122 2162 1186 pape
2207 1112 2277 1170 et
2319 1103 2640 1170 instancia
2686 1104 3090 1170 nunciorum.
3259 1093 3312 1157 (⁶
3335 1093 3488 1159 1²⁰0·

695 1223 901 1289 Anno
950 1222 1343 1306 m.ccc.liiij.,
1399 1244 1521 1288 rex
1572 1220 1927 1298 Navarre²‚
1979 1222 2330 1289 suscitata³
2378 1224 2543 1301 rixa,
2586 1225 2830 1290 occidit
2881 1224 3227 1290 dominum

524 1343 853 1409 Karolum
902 1346 988 1409 de
1038 1345 1321 1427 Ispania,
1384 1343 1660 1409 Francie
1724 1343 2223 1423 marescallum;
2294 1346 2470 1410 unde
2515 1346 2879 1411 vindictam
2927 1346 3227 1411 coronati
3256 1353 3480 1469 §1:222
3489 1354 3550 1405 os

521 1465 965 1537 declinaturus
1039 1467 1104 1529 in
1181 1466 1446 1549 propria
1524 1464 1711 1547 fugit,
1770 1464 2041 1531 mittens
2104 1464 2500 1531 avunculum
2562 1487 2757 1532 suum
2823 1467 2976 1532 duci
3051 1466 3228 1531 Lan-
3254 1484 3451 1550 applica
3473 1492 3527 1535 to

520 1587 756 1653 castrie
800 1607 951 1651 cum
1004 1586 1205 1651 literis
1256 1585 1639 1669 suppliciter
1687 1584 2154 1669 deprecatoriis
2201 1589 2381 1671 quod
2430 1587 2683 1652 veniret
2744 1588 3228 1653 Normanniam
3254 1550 3574 1668 ffiffitzfs

521 1708 587 1772 in
623 1709 724 1772 sui
756 1708 1076 1774 auxilium
1110 1717 1177 1773 et
1216 1707 1684 1783 defensionem,
1717 1708 2164 1791 reciperetque
2198 1709 2286 1772 ab
2318 1708 2461 1790 ipso
2497 1708 2940 1774 iuramentum
2964 1706 2991 1746 ⁴
3025 1707 3231 1773 fideli·
3256 1682 3335 1731 ‘⁰‘
3355 1682 3457 1731 aid.

521 1830 679 1893 tatis
725 1839 795 1894 et
836 1828 1171 1894 amicicie⁶
1215 1839 1443 1895 contra
1489 1849 1721 1894 omnes
1764 1829 2060 1894 viventes
2080 1828 2126 1891 ⁰.
2221 1828 2435 1913 Igitur
2479 1831 2642 1908 dux,
2688 1829 2920 1895 habita
2965 1830 3232 1896 licensia

523 1970 563 2013 a
593 1950 865 2015 domino
900 1971 1072 2034 rege,
1105 1971 1415 2034 magnam
1446 1950 1724 2015 classem
1763 1950 2159 2016 coadunavit
2182 1952 2362 2033 apud
2389 1950 3051 2036 Suthamptoniam⁷;
3100 1951 3234 2027 ubi,

522 2072 691 2136 duce
743 2083 977 2156 parato
1023 2072 1109 2136 ad
1170 2070 1653 2149 velificandum,
1712 2081 2102 2137 revenerunt
2164 2071 2407 2137 milites
2464 2073 2567 2137 sui
2625 2072 2864 2151 nuncii,
2928 2071 3231 2158 promissi

524 2191 1036 2257 Normanniam⁸
1097 2213 1217 2277 pro
1261 2193 1450 2258 istius
1503 2193 1759 2276 negocii
1804 2191 2083 2258 veritate
2127 2193 2658 2279 contemplanda,
2703 2214 2820 2277 per
2863 2215 3031 2278 quos
3076 2195 3230 2259 duci

521 2314 643 2379 suit
696 2313 1106 2380 notificatum
1156 2316 1338 2398 quod
1386 2315 1720 2398 predictus
1764 2335 1920 2379 suus
1963 2314 2488 2397 consanguineus
2532 2337 2655 2380 rex
2702 2315 3000 2380 Navarre
3046 2336 3230 2381 coro-

519 2446 677 2501 nato
728 2435 1129 2502 Francorum
1177 2447 1320 2502 erat
1373 2434 1796 2520 pacificatus3
1857 2445 1923 2501 et
1974 2435 2067 2500 sic
2126 2434 2314 2501 ducis
2366 2436 2822 2503 transfretacio
2892 2458 3013 2520 pro
3073 2445 3231 2503 tunc

520 2556 1065 2640 suspendebatur.

698 2677 904 2743 Anno
929 2677 1278 2754 M.Ccc.lv.,
1304 2678 1491 2762 regni
1519 2677 1829 2742 Edwardi
1856 2676 2073 2752 xxix.‚
2094 2677 2239 2761 ipso
2261 2698 2415 2761 rege
2444 2698 2670 2743 versus
2692 2678 3038 2744 Franciam
3058 2680 3227 2745 circa
3256 2691 3366 2741 The
3386 2691 3511 2771 lei-ng

523 2797 944 2864 Sandwicum
970 2801 995 2838 ⁹
1038 2808 1107 2863 et
1146 2799 1438 2884 principe
1468 2797 1711 2864 Wallie
1753 2819 1979 2863 versus
2016 2796 2498 2881 Aquitanniam
2537 2802 2714 2883 apud
2760 2800 3113 2867 Suttonam
3161 2802 3226 2865 in
3252 2758 3352 2873 ἓῗᾶ
3396 2772 3543 2873 32²5oe

522 2920 823 2986 Devonia
880 2931 1150 2985 ventum
1216 2941 1601 3005 prosperum
1663 2919 2174 3004 expectantibus
2233 2941 2350 3003 per
2408 2920 2694 3005 amplius
2756 2942 2958 3006 quam
3018 2923 3224 3005 quad·
3248 2888 3483 3004 {gssffgem

520 3041 779 3126 raginta
820 3042 979 3117 dies,
1009 3041 1241 3107 ceteris
1281 3042 1548 3124 paratis,
1595 3052 1947 3108 coronatus
1985 3042 2388 3107 Francorum
2423 3042 2653 3106 habuit
2694 3064 2850 3109 suos
2896 3044 3226 3108 exercitus
3253 3021 3456 3070 France.

517 3162 763 3227 divisos
791 3183 989 3246 super
1018 3173 1250 3245 portus
1289 3162 1691 3227 Normannie
1721 3173 1788 3227 et
1834 3163 1902 3226 in
1948 3161 2094 3226 aliis
2139 3162 2503 3242 maritimiS,
2540 3163 2974 3248 impedituros
3002 3184 3225 3248 regem

519 3303 632 3348 seu
687 3284 1049 3368 principem
1105 3304 1188 3347 ne
1244 3283 1328 3347 ad
1375 3292 1619 3347 terram
1672 3283 2104 3368 applicarent,
2150 3282 2216 3347 in
2269 3293 2532 3348 tantum
2587 3293 2655 3347 et
2698 3294 2840 3348 tam
2884 3283 2998 3348 diu
3044 3285 3226 3368 quod

518 3403 643 3487 ipsi
676 3402 911 3469 Gallici
942 3423 1092 3480 cum
1126 3404 1262 3468 suis
1293 3403 1726 3487 stipendiariis
1755 3404 2038 3488 patriam
2069 3404 2408 3489 propriam
2441 3403 2715 3467 nimium
2746 3413 3107 3483 vastarunt,
3138 3414 3225 3478 et,

518 3525 603 3588 ab
635 3525 845 3589 erario
875 3523 1169 3589 coronati
1204 3524 1429 3588 multis
1461 3525 1725 3591 milibus
1755 3534 2163 3591 scutatorum
2194 3525 2469 3591 inaniter
2498 3525 2924 3609 consumptis,
2955 3525 3227 3590 tandem

587 3753 603 3787 ¹
641 3772 818 3825 neque
840 3753 1091 3825 reform]
1116 3774 1223 3812 om.
1250 3757 1315 3812 B.

585 3841 608 3873 ¹
643 3844 799 3897 Here
823 3845 887 3899 C.
912 3844 1020 3898 has
1041 3844 1136 3899 the
1138 3845 1460 3916 jbllowing
1471 3845 1580 3899 .·—‘
1596 3861 1748 3900 anno
1782 3842 2265 3916 supranominato,
2303 3843 2563 3899 invocato
2596 3842 2839 3914 presenti
2875 3852 3227 3899 sacramento

514 3925 724 3992 altaris,
751 3925 951 3982 iuravit
977 3926 1303 3982 fidelitatem
1328 3928 1443 3999 regi
1468 3929 1686 4000 Anglie,
1713 3946 1885 3999 quam
1909 3927 2174 3984 dominus
2206 3928 2318 3983 dux
2347 3927 2674 3984 Lancastrie
2707 3926 2859 3998 apud
2881 3925 3224 3982 Avinoniam

515 4013 623 4068 sibi
650 4014 945 4069 securitate
970 4014 1301 4085 interposita
1326 4016 1587 4087 suscepit.
1660 4018 1738 4072 Et
1762 4034 1858 4072 rex
1882 4026 2099 4088 postea,
2125 4015 2348 4072 rediens
2375 4016 2420 4070 F
2425 4014 2708 4081 ranciam‚’
2728 4025 2837 4071 etc.

585 4097 607 4132 ⁸
644 4101 1037 4174 suscitataque.
1065 4104 1130 4159 C.
1486 4102 1508 4134 ⁴
1547 4103 1919 4160 securitatem.
1948 4105 2011 4160 C.
2437 4100 2460 4131 ⁸
2494 4108 2552 4157 et
2572 4101 2760 4172 anda]
2789 4120 2896 4158 om.
2925 4103 2988 4157 C.

586 4187 608 4218 ⁸
648 4190 711 4244 C.
737 4188 914 4244 adds:
951 4199 1197 4245 castrum
1226 4189 1433 4247 scilicet
1460 4191 1739 4247 Chirbrok
1765 4191 1821 4246 in
1847 4193 1903 4246 N
1907 4190 2215 4247 ormannia.

584 4273 608 4307 ⁷
647 4276 1186 4348 Southamptoniarn.
1220 4280 1285 4333 C.
1497 4277 1519 4308 ⁸
1553 4279 1710 4335 missi
1737 4280 2124 4349 Normannya.
2152 4281 2216 4334 C.
2428 4277 2451 4310 ⁹
2489 4277 2896 4335 Sandewicum.
2925 4278 2991 4335 C.
