4154 4895
936 276 1060 325 100
1800 260 1851 319 C
1849 261 2173 320 HRONIC
2171 261 2295 319 ΟΝ
2334 261 2745 319 GALFRJDJ

578 485 891 589 4-13—..1242
928 464 1435 550 reperiebantur.
1523 460 1885 526 Torserunt
1925 461 2070 526 illos
2109 472 2526 547 apostemata
2564 459 2641 528 e¹
2684 461 2958 529 diversis
3002 465 3302 549 partibus
3344 464 3639 551 corpori·

928 587 1151 652 subito
1204 583 1657 669 irrumpencia,
1701 592 1840 647 tam
1886 585 2052 647 dura
2103 592 2170 647 et
2222 583 2396 649 sicca
2444 584 2627 667 quod
2678 584 2768 649 ab
2812 584 2939 649 illis
2981 585 3219 651 decisis
3261 585 3376 650 vix
3424 585 3640 669 liquor

930 707 1300 785 emanavit3
1362 726 1404 771 a
1459 704 1701 788 quibus
1755 704 1945 769 multi
2000 724 2117 788 per
2162 703 2540 769 incisionem
2587 716 2703 770 aut
2757 726 2872 790 per
2924 705 3189 790 longam
3237 706 3638 791 pacientiam

930 838 1292 893 evaserunt.
1382 824 1526 890 Alii
1585 824 1952 889 habuerunt
2013 824 2314 909 pustulos
2367 846 2606 909 parvos
2658 826 2880 909 nigros
2927 848 3043 911 per
3087 838 3300 893 totam
3346 827 3642 912 corpori-⁸

929 959 1149 1014 cutem
1194 966 1596 1031 conspersos,
1636 966 1676 1009 a
1720 944 1958 1027 quibus
2005 945 2400 1028 paucissimi,
2444 946 2649 1011 immo
2684 947 2799 1010 vix
2844 946 3047 1031 aliqui
3084 948 3219 1013 vite
3261 960 3326 1013 et
3373 946 3640 1013 sanitati

582 1078 774 1129 lnam
930 1068 1312 1134 resilierunt.
1438 1065 1659 1131 Tanta
1739 1065 2138 1149 pestilencia,
2195 1086 2327 1149 que
2402 1067 2466 1131 in
2542 1066 2710 1132 sesto
2781 1066 3282 1152 Assumptionis
3347 1067 3643 1151 Virginis

582 1143 861 1272 :¹⁸32er
931 1189 1215 1274 gloriose
1276 1187 1622 1263 Bristollie,
1681 1197 1746 1250 et
1806 1187 1979 1252 circa
2041 1185 2277 1251 festum
2338 1189 2544 1253 sancti
2617 1188 2960 1254 Michaelis
3017 1191 3196 1273 apud
3261 1188 3644 1254 Londonias

583 1274 828 1340 Engund.
934 1309 1236 1384 incoavit‚
1268 1328 1384 1392 per
1417 1327 1665 1372 annum
1698 1307 2021 1389 integrum
2052 1317 2118 1371 et
2155 1308 2441 1391 amplius
2479 1308 2541 1371 in
2575 1307 2824 1392 Anglia
2853 1310 3124 1385 desevit,
3157 1309 3249 1375 ita
3289 1322 3360 1375 ut
3401 1310 3644 1375 multas

930 1430 1121 1494 villas
1152 1429 1395 1493 rurales
1432 1429 1692 1513 penitus
1721 1427 1810 1492 ab
1838 1428 2019 1492 omni
2055 1428 2394 1493 individuo
2431 1430 2719 1494 humane
2748 1430 2984 1513 speciei
3015 1444 3381 1496 evacuaret.

582 1553 853 1670 3⁸&oe
1106 1549 1427 1633 Angliam
1474 1559 1660 1614 tanta
1705 1548 1893 1647 clade
1924 1561 2243 1623 vastante,
2276 1547 2458 1615 Scoti
2500 1550 2708 1633 gavisi
2748 1551 3071 1634 putabant
3116 1551 3262 1615 illos
3301 1550 3482 1616 omni
3523 1572 3646 1617 suo

585 1685 705 1735 land
934 1683 1093 1737 voto
1137 1682 1368 1737 contra
1410 1670 1734 1753 Anglicos
1780 1670 2124 1755 potituros,
2165 1671 2278 1753 qui
2328 1669 2782 1736 blasfemando
2825 1671 3125 1737 solebant
3173 1691 3294 1755 pro
3329 1683 3484 1737 tunc
3531 1690 3646 1755 per

934 1792 1131 1856 vilem
1174 1791 1549 1875 Anglorum
1599 1802 1878 1856 mortem
1922 1789 2162 1856 lascive
2203 1792 2496 1857 deierare
2516 1789 2566 1853 ¹.
2663 1790 2778 1856 Set
2824 1804 3124 1857 extrema
3165 1792 3389 1875 gaudii
3435 1792 3648 1855 luctus

932 1932 1280 1997 occupans,
1311 1912 1399 1976 ab
1428 1910 1730 1995 Anglicis
1776 1911 2083 1976 recedens
2126 1911 2386 1995 gladius
2431 1913 2521 1976 ire
2555 1911 2680 1976 Dei
2720 1910 2957 1978 Scotos
3002 1913 3064 1976 in
3100 1912 3382 1977 furorem
3423 1924 3488 1977 et
3532 1931 3647 1996 per

937 2033 1205 2117 lepram,
1236 2052 1353 2097 nec
1388 2032 1601 2096 minus
1639 2052 1841 2115 quam
1874 2031 2198 2115 Anglicos
2240 2053 2356 2117 per
2391 2045 2808 2117 apostemata
2849 2046 2914 2099 et
2960 2033 3277 2117 pustulos‚
3311 2033 3646 2099 mactavit.

589 2169 641 2221 tn
665 2166 868 2227 Walm
936 2152 1053 2218 Set
1084 2172 1259 2217 anno
1290 2152 1583 2235 sequenti
1622 2150 1939 2217 Wallicos
1969 2153 2178 2217 eciam
2214 2173 2341 2217 una
2377 2174 2528 2219 cum
2564 2152 2863 2238 Anglicis
2893 2154 3216 2229 vastavit;
3269 2165 3336 2218 et
3377 2154 3646 2219 tandem

935 2276 1020 2339 ad
1092 2274 1419 2338 Iberniam
1472 2272 1706 2356 quasi⁸
1757 2271 2109 2349 velificans,
2163 2272 2487 2357 Anglicos
2547 2274 2792 2339 ibidem
2847 2274 3222 2340 habitantes
3283 2274 3346 2338 in
3407 2294 3650 2357 magno

587 2409 685 2461 aad
712 2412 760 2462 in
939 2414 1213 2460 numero
1276 2393 1646 2479 prostravit,
1694 2406 1793 2460 set
1849 2416 2047 2479 puros
2111 2393 2502 2461 Hibernicos
2561 2395 2624 2459 in
2687 2395 3021 2460 montibus
3079 2407 3146 2461 et
3207 2395 3650 2480 superioribus

588 2476 799 2529 M
940 2515 1236 2601 partibus
1266 2517 1578 2598 degentes
1611 2514 1739 2579 sere
1771 2534 1901 2579 non
1940 2514 2178 2598 tetigit,
2211 2537 2417 2599 usque
2446 2518 2530 2581 ad
2561 2536 2805 2581 annum
2840 2513 3085 2581 Christi
3129 2516 3652 2600 u·.ccc⁴·.lvij·.,

936 2657 1073 2720 quo
1106 2636 1439 2720 inopinate
1472 2636 1649 2721 ipsos
1679 2637 1923 2721 passim
1955 2647 2021 2700 et
2054 2637 2428 2702 terribiliter
2456 2638 2718 2702 delevit.

588 2779 729 2828 Α.»
738 2779 899 2827 tuo
1118 2756 1257 2821 Isto
1286 2777 1478 2832 anno,
1510 2779 1631 2841 pro
1660 2757 1907 2839 treugis
1950 2758 2340 2822 renovandis
2379 2779 2492 2822 seu
2541 2778 2702 2843 pace
2748 2756 2926 2823 finali
2974 2757 3410 2832 reformanda,
3443 2771 3650 2824 trans-

587 2859 873 2910 coemu‘d
942 2876 1255 2942 fretarunt
1286 2878 1635 2962 episcopus
1678 2876 2134 2954 Norwicermis,
2165 2899 2386 2944 comes
2431 2877 2981 2964 Norhamptonie,
3010 2899 3233 2944 comes
3276 2877 3652 2948 staffordie,

588 2929 861 3041 :38:¹²⁵
946 2998 1272 3064 Ricardus
1315 2997 1582 3076 Talbot,
1626 2995 1737 3062 et⁴
1784 2997 2118 3063 Walterus
2166 2999 2426 3082 Magne,
2473 3001 2753 3074 militcs;
2814 3000 3053 3084 quibus
3099 2997 3336 3066 Gallici
3385 2998 3652 3084 pacifice

540 3185 547 3192 ,
588 3056 859 3199 ⁶53„oe
940 3130 1379 3196 occurrerunt,
1408 3130 1505 3184 set
1553 3119 1899 3183 noluerunt
1946 3119 2141 3186 alicui
2189 3121 2332 3205 paci
2376 3118 2554 3185 finali
2595 3121 2928 3196 assentire,
2961 3121 3082 3185 nisi
3127 3118 3384 3186 Calesia
3429 3119 3652 3184 sumet

588 3212 878 3280 ”dm
940 3241 1060 3304 eiis
1091 3242 1411 3318 restituta,
1445 3261 1574 3324 quc
1596 3239 1728 3305 suit
1758 3240 1876 3304 eiis
1906 3242 2248 3324 denegata,
2279 3253 2345 3307 et
2378 3255 2605 3325 treuge
2635 3263 2751 3327 per
2780 3261 3023 3306 annum
3056 3242 3366 3306 durature
3399 3240 3652 3307 fuerant

940 3363 1339 3428 continuate.

588 3507 900 3559 Schmin-iou
1116 3481 1425 3548 Ceterum
1456 3503 1679 3548 comes
1714 3482 2036 3560 Flandrie,
2060 3504 2258 3567 quem
2295 3483 2726 3549 Flandrensae
2757 3483 3101 3548 noluerunt
3134 3483 3322 3548 aliter
3354 3483 3656 3568 recipere,

587 3573 819 3689 &3:505
941 3603 1083 3680 nisi,
1141 3604 1400 3669 tiranno
1467 3604 1870 3670 Francorum
1945 3605 2436 3682 abrenunciat0,
2498 3606 2632 3688 regi
2694 3604 3068 3689 Anglorum
3143 3602 3528 3670 fidelitatem
3587 3617 3654 3670 et

586 3704 889 3821 m
940 3724 1347 3808 homagium,
1407 3723 1581 3789 una⁸
1642 3725 1766 3789 sub
1833 3725 2202 3790 iuramento
2272 3727 2595 3810 solempni
2668 3725 3009 3810 promissa,
3067 3725 3310 3790 vellet·
3368 3725 3656 3796 exibere.

941 3845 1229 3930 plenarie
1262 3845 1565 3909 submisit
1597 3867 1666 3910 se
1697 3846 1833 3928 regi
1868 3845 2132 3930 Anglie,
2164 3848 2248 3912 ad
2283 3848 2638 3912 tenendum
2670 3848 2756 3912 de
2789 3846 2901 3910 illo
2930 3845 3322 3910 comitatum
3352 3845 3658 3910 Flandrie

938 3986 1089 4032 cum
1124 3965 1300 4032 fideli
1342 3966 1654 4031 servitute
1694 3989 1815 4032 suo
1859 3967 2049 4050 legali
2088 3968 2362 4034 domino
2392 3968 2742 4033 exibenda.
2835 3966 3219 4050 Numquam
3253 3979 3474 4030 tamen
3507 3981 3652 4052 post

1156 4127 1171 4162 ¹
1214 4129 1287 4188 in.
1328 4132 1393 4189 C.
1748 4130 1771 4165 ’
1808 4131 2082 4204 peiorare.
2122 4131 2186 4188 C.
2543 4131 2562 4162 ⁸
2603 4131 2880 4188 aarum!
2903 4169 2916 4183 .
2944 4169 2958 4183 .
2985 4169 3000 4184 .
3025 4127 3222 4201 qun]
3247 4147 3354 4186 nu.
3381 4129 3448 4186 C.

1398 4219 1665 4274 ‘euna
2093 4218 2380 4276 ἰω-Β.
2811 4217 3069 4275 ’γύαι
3108 4217 3174 4276 C.
