4154 4895
590 466 901 517 ωᾱω.

588 1530 839 1912 {2⁵25ss

592 2133 822 2185 ξ
588 1936 739 1977 Ξ

592 2200 697 2250 laid
722 2202 797 2251 for
818 2200 903 2252 the

635 3346 843 3400 autb.

956 262 977 305 ι
988 260 1076 320 04
1820 249 1871 306 C
1870 250 2197 308 HRONJC
2197 251 2320 309 ΟΝ
2363 251 2776 310 GALFRIDI

942 450 1282 527 servanda,
1317 449 1695 535 sponsione,
1731 470 1881 518 cum
1920 453 2006 518 de
2053 453 2190 518 iure
2233 452 2320 519 sit
2365 452 2539 519 hosti
2583 453 2904 519 servanda
2949 452 3153 531 fidem
3214 464 3314 519 set
3361 452 3500 538 ipse
3546 474 3661 521 nec

941 570 1115 636 hosti
1170 570 1368 637 fidem
1422 572 1724 649 servavit,
1773 592 1893 637 nec
1951 573 2089 657 regi
2141 584 2402 639 terreno
2446 574 2637 640 aliter
2680 594 2882 658 quam
2928 570 3171 640 dubie¹
3221 573 3548 651 militavit,
3593 587 3660 641 ct

944 690 1193 758 Eterno
1270 692 1554 778 Principi
1636 693 2023 778 impiissime
2097 695 2383 772 servivit,
2456 695 2727 779 quando
2799 714 3040 780 corpus
3122 694 3505 773 Salvatorh,
3593 698 3658 760 in

938 813 1390 879 testimonium
1452 834 1570 879 sue
1626 826 1886 879 versute
1944 816 2423 892 convencionis,
2483 815 2803 883 fallaciter
2864 816 3212 891 invocavit,
3269 826 3338 882 et
3398 816 3661 902 insuper

938 926 1466 992 communionem
1498 926 1719 992 calicis
1749 927 2013 1011 recepit.
2094 925 2372 1012 Scripsit
2404 938 2629 993 tamen
2661 928 2796 1012 regi
2829 928 3052 993 literas
3082 929 3167 994 de
3191 938 3338 995 toto
3367 929 3660 1013 negocio.

941 1044 1102 1110 nihil
1125 1043 1152 1084 ¹
1195 1046 1550 1125 occultam,
1582 1047 1805 1131 itaque
1842 1060 2115 1132 paratus
2150 1048 2236 1113 ad
2281 1047 2685 1116 Gallicorum
2722 1049 3112 1129 amiciciam,
3140 1048 3196 1114 si
3229 1049 3353 1134 ipsi
3382 1051 3656 1134 expedi·

938 1166 1201 1245 ivissent,
1230 1178 1297 1232 et
1342 1167 1407 1231 in
1450 1168 1620 1252 regis
1662 1166 2218 1245 benevolenciam,
2249 1190 2403 1236 casu
2442 1189 2580 1253 quo
2618 1168 2857 1236 Gallici
2899 1190 2941 1235 a
2978 1170 3325 1255 proposito
3367 1170 3658 1236 frustrati

939 1286 1209 1352 fuissent
1240 1289 1523 1355 convicti
1554 1288 1643 1354 de
1676 1288 1998 1355 fraccione
2039 1298 2422 1375 treugarum
2456 1300 2524 1357 et
2558 1290 2821 1376 insuper
2861 1290 3030 1356 sorte
3068 1291 3258 1357 multi
3297 1290 3658 1358 redimendi

938 1418 1346 1493 caperentur.
1438 1408 1556 1475 Set
1590 1410 1682 1476 ita
1712 1410 2158 1494 contingebat.

1118 1528 1400 1595 Proinde
1446 1550 1584 1605 rex,
1629 1530 1923 1598 solicitus
1967 1532 2053 1597 de
2097 1530 2400 1598 custodia
2441 1531 2614 1609 ville,
2658 1552 2860 1616 quam
2920 1552 3052 1598 non
3115 1533 3378 1599 modico
3431 1532 3658 1599 labore

940 1657 1041 1710 set
1083 1646 1431 1712 obsidione
1472 1667 1689 1712 annua
1735 1648 2017 1731 subegit,
2061 1648 2358 1715 celeriter
2400 1648 2844 1726 transfretans,
2905 1648 3121 1733 ipsum
3181 1648 3656 1716 comitantibus

940 1787 1062 1832 suo
1108 1767 1548 1852 primogenito
1594 1769 1887 1854 principe
1932 1768 2220 1834 Wallie³
2262 1779 2329 1834 et
2375 1770 2620 1836 comite
2677 1771 2762 1836 de
2808 1768 3126 1847 marchia,
3184 1770 3331 1835 aliis
3389 1788 3658 1854 quoque

939 1888 1185 1972 paucis,
1237 1890 1414 1955 diem
1476 1891 1942 1974 peremtorium
2012 1890 2412 1974 prodicionis
2471 1909 2588 1974 per
2760 1886 2790 1929 ⁸
2821 1890 2962 1956 dies
3007 1890 3322 1975 prevenit.
3399 1888 3655 1975 Igitur⁸

939 2007 1268 2093 profectus
1344 2008 1692 2087 Calesiaru,
1751 2010 2075 2094 disposuit
2144 2031 2266 2095 pro
2327 2009 2645 2076 Francis⁸
2701 2010 3107 2076 cautelosam
3183 2012 3580 2097 receptelam
3603 2010 3650 2079 ².

941 2129 1204 2214 Nempe
1247 2131 1373 2194 sub
1417 2129 1770 2196 fornicibus
1816 2131 1984 2196 intra
2030 2132 2357 2216 pectinem
2403 2152 2516 2197 neu
2564 2144 2826 2217 portam
2871 2132 3218 2199 collectam
3264 2145 3331 2199 et
3376 2132 3650 2199 valvas⁸

944 2251 1285 2315 ianuarum
1328 2251 1524 2316 castri
1567 2252 1807 2316 milites
1854 2252 2114 2331 locavit,
2157 2271 2417 2317 murum
2458 2261 2724 2317 tenuem
2761 2253 2880 2318 eiis
2915 2263 3323 2339 anteponens
3357 2255 3443 2320 de
3477 2275 3653 2321 novo

943 2371 1353 2447 fabricatum,
1383 2392 1513 2436 non
1554 2385 1996 2439 cementatum
2035 2386 2134 2439 set
2182 2372 2430 2451 fictum,
2460 2386 2526 2439 et
2577 2375 2837 2439 residuo
2884 2396 3074 2440 muro
3111 2375 3650 2441 conterminalem

943 2494 1008 2558 in
1052 2493 1395 2579 superficie
1441 2495 1795 2578 levigatum
1817 2495 1863 2572 ⁹,
1907 2505 1975 2561 et
2024 2497 2116 2560 ita
2161 2494 2448 2562 sofistice
2490 2495 2673 2580 operi
2720 2496 2996 2580 antiquo
3039 2497 3424 2579 effigiatum,
3467 2499 3650 2581 quod

942 2615 1195 2680 nescius
1218 2615 1472 2681 cautele
1492 2616 1779 2699 aliquem
1807 2616 1894 2680 ibi
1921 2615 2239 2683 inclusum
2272 2636 2402 2681 non
2435 2623 2658 2701 posset
2691 2616 2965 2683 faciliter
2993 2617 3306 2702 suspicari
3330 2614 3399 2679 ¹⁰.
3479 2616 3650 2683 Item

941 2735 1231 2817 grossius
1256 2732 1303 2772 ¹¹
1339 2737 1740 2801 merennium
1788 2736 2009 2821 pontis
2038 2737 2360 2801 versatilis
2403 2756 2555 2803 cum
2591 2757 2768 2802 serra
2809 2735 2962 2803 fecit
3002 2737 3136 2803 fere
3177 2737 3422 2822 procidi
3449 2737 3524 2812 ¹¹,
3558 2740 3650 2804 ita

942 2866 1163 2921 tamen
1209 2858 1389 2939 quod
1435 2858 1691 2940 equites
1733 2858 1969 2922 armati
2018 2869 2286 2942 possent
2331 2877 2527 2942 super
2573 2857 2787 2942 ipsum
2831 2858 3146 2941 equitare.
3235 2857 3350 2924 Ad
3396 2858 3524 2925 boc
3585 2859 3649 2923 in

942 2978 1235 3059 quodam
1277 2975 1595 3042 foramine
1636 2978 1699 3042 in
1748 2976 1913 3043 facie
1946 2978 2142 3042 turris
2187 2978 2374 3063 ponti
2421 2979 2963 3063 supereminentis
3002 2979 3340 3063 quondam
3378 2993 3650 3046 arcuato

942 3117 1142 3182 opere
1176 3097 1492 3174 consecto,
1530 3099 1780 3181 grande
1822 3118 2061 3163 saxum
2111 3099 2468 3183 prudenter
2502 3098 2868 3178 collocavit,
2913 3109 2982 3165 et
3021 3119 3173 3167 cum
3221 3100 3334 3165 illo
3370 3101 3646 3165 militem

942 3214 1115 3280 bone
1159 3212 1310 3280 fidei
1355 3214 1778 3292 occultatum,
1821 3215 1933 3299 qui
1980 3226 2280 3299 tempore
2329 3235 2623 3300 congruo
2677 3235 2794 3300 per
2853 3217 3108 3281 ruinam
3169 3218 3314 3282 saxi
3375 3231 3644 3302 pontem

941 3333 1266 3418 frangeret
1296 3335 1705 3400 semicesum.
1795 3331 1957 3400 Erat
1985 3332 2034 3374 ¹⁸
2079 3334 2317 3400 deinde
2366 3335 2528 3401 illud
2577 3335 2870 3402 foramen
2909 3337 3001 3402 ita
3039 3338 3392 3421 prudenter
3421 3359 3648 3422 nuper·

942 3453 1087 3520 ficie
1146 3466 1336 3519 tenus
1400 3469 1805 3539 opturatum,
1861 3457 2043 3539 quod
2104 3477 2274 3540 opus
2333 3476 2577 3520 novum
2639 3478 2792 3541 pars
2852 3457 3106 3540 antiqui
3173 3471 3520 3542 appareret
3577 3473 3644 3522 et

944 3575 1228 3642 inclusus
1252 3587 1473 3660 posset
1497 3596 1727 3641 omnes
1758 3576 2075 3641 intrantes
2105 3577 2247 3640 visu
2282 3596 2641 3642 numerare.
2721 3576 2872 3641 Istis
2893 3576 2956 3641 in
2982 3575 3118 3642 fieri
3141 3597 3213 3642 se
3235 3578 3648 3654 habentibus.

1084 3763 1100 3796 ¹
1139 3765 1348 3821 debuit.
1387 3765 1454 3822 C.
2020 3763 2043 3798 ⁸
2080 3766 2182 3821 vel.
2225 3767 2286 3821 B.
2855 3763 2878 3798 ⁸
2911 3766 3108 3822 Vallie.
3149 3767 3212 3822 B.

1083 3851 1108 3884 ⁸
1152 3851 1673 3908 mwraesdiem
1724 3851 3648 3925 peoemtonumkaevebaennmedandpeiso-„ehmm

943 3939 1079 3996 thus
1101 3939 1317 4012 ending
1338 3939 1551 4012 paucis,
1577 3939 1921 4012 prodicionis
1946 3941 2067 3996 dies
2094 3941 2364 4012 prevenit.
2404 3940 2451 3997 C
2476 3959 2493 4006 ς
2527 3958 2566 3994 a
2591 3939 2766 3995 blank
2789 3941 2942 4012 mer
2960 3958 3074 4013 per.
3115 3942 3179 3996 B.

1084 4027 1359 4084 ’sine
1569 4025 2176 4101 ‘perfrancimss
2385 4023 2791 4099 'recepte-B.
3002 4027 3558 4085 ‘ulli-mc.

1082 4113 1104 4146 ⁸
1140 4115 1373 4170 linitun.
1412 4115 1479 4171 C.
1872 4115 1915 4148 ¹·
1934 4117 2061 4188 sac.
2087 4112 2264 4189 nup]
2286 4115 2633 4187 transposed.
2661 4116 2725 4171 B.
3083 4115 3122 4148 ⁸¹
3144 4131 3392 4187 gruem.
3439 4118 3502 4172 Β.

1083 4200 1124 4235 ¹⁹
1159 4203 1425 4274 preciadi.
1454 4203 1517 4258 B.
2299 4201 2339 4236 ¹'
2378 4205 2603 4260 Contra.
2642 4203 2708 4259 C.
