4154 4895
956 276 1044 344 54
1852 267 1902 324 C
1902 268 2176 324 HRONI
2174 269 2223 324 C
2223 269 2345 325 ΟΝ
2387 269 2494 325 GA
2503 268 2798 324 LFRIDI

607 471 921 521 Lunu-
960 462 1201 527 iturum
1261 463 1324 528 in
1385 463 1659 528 Terram
1723 461 2038 529 Sanctam
2098 464 2384 548 propriis
2442 464 2836 548 sumptibus,
2895 473 2996 529 set
3056 464 3142 529 ad
3207 464 3333 530 hoc
3396 477 3666 549 tempus

612 1066 777 1116 ,Adana

604 1133 786 1183 Orlton

603 1196 873 1247 uunshued

605 1263 824 1313 ίο’ᾺἹη-

604 1328 813 1389 cheden

612 1406 630 1442 t
660 1395 783 1444 luxa

619 1466 811 1523 (¹333·)

674 1761 850 1809 tn&

956 595 1206 649 certum
1250 605 1379 649 non
1420 586 1761 671 expressit.
1855 583 2207 650 Ordinavit
2254 596 2476 650 tamen
2519 585 3081 670 archiepiscopum
3122 585 3660 651 Cantuariensem

954 707 1040 770 ad
1086 726 1328 791 papam
1372 718 1438 771 et
1480 728 1702 791 regem
1754 705 2024 771 Francie
2057 705 2524 791 profecturum,
2554 718 2624 771 ut
2672 718 2942 790 possent
2989 707 3264 791 predicti
3312 728 3518 790 reges,
3547 707 3661 791 qui

956 830 1247 893 nondum
1300 827 1550 893 fuerant
1605 829 1668 892 in
1717 849 2018 912 guerram
2073 827 2417 904 commoti,
2469 827 2760 892 unanimi
2812 826 3122 893 assensu¹
3177 842 3316 894 tam
3362 842 3660 895 sanctam

956 948 1552 1033 peregrinacionem
1598 949 1792 1014 simul
1839 949 2143 1033 arripere.

1133 1069 1390 1134 Eodem
1440 1091 1632 1147 anno,
1682 1071 1897 1155 primo
1941 1071 2049 1135 die
2098 1070 2503 1147 Decembris,
2549 1069 2879 1135 transtulit
2912 1068 3262 1136 dominus¹
3299 1092 3474 1156 papa
3521 1092 3666 1137 ma·

954 1190 1233 1274 gistrum
1274 1190 1500 1256 Adam
1538 1192 1623 1256 de
1656 1189 2040 1263 Horletone,
2072 1203 2269 1255 antea
2304 1191 2686 1275 episcopum
2732 1190 3282 1257 Heresordensem
3326 1204 3392 1257 et
3431 1203 3666 1277 postea

954 1310 1524 1395 Wygorniensem,
1567 1312 1654 1378 ad
1712 1311 2055 1378 ecclesiam
2101 1310 2670 1397 wyntoniensem,
2717 1313 2890 1377 unde
2935 1312 3206 1395 quidam
3250 1312 3346 1378 aie
3393 1311 3667 1379 metrifi-

954 1433 1168 1498 cavit:

1591 1518 1904 1574 ‘nomam
1943 1519 2198 1587 neclexit,
2237 1518 2557 1574 wlstanum
2595 1534 2708 1573 non
2746 1518 2889 1574 bene
2926 1517 3082 1585 rexit,

1696 1606 2047 1663 swithunum
2087 1606 2300 1673 voluit;
2334 1604 2500 1662 ευτ’.)
2535 1605 2668 1677 quia
2705 1606 2828 1677 plus
2867 1606 3078 1663 valuit!

960 1748 1038 1813 Id
1090 1759 1209 1822 est,
1260 1747 1468 1812 dicior
1510 1747 1783 1813 ecclesia
1829 1746 1971 1813 suit.
2066 1747 2262 1814 Hanc
2309 1746 2814 1812 translacionem
2869 1746 3214 1832 Philippus
3264 1750 3351 1813 de
3393 1746 3667 1813 Valoeio

956 1871 1313 1934 seudo·rex
1363 1869 1637 1934 Francie
1679 1869 1816 1934 fieri
1860 1871 2253 1954 procuravit,
2289 1881 2356 1934 et
2395 1890 2520 1953 pro
2562 1867 2673 1933 illa
2710 1890 2862 1934 suas
2893 1890 3117 1953 preces
3145 1890 3410 1935 summo
3447 1870 3668 1953 ponti·

957 1990 1061 2055 fici
1110 1988 1608 2075 multiplicavit3
1651 2000 1751 2055 set
1793 1990 1984 2055 istam
2027 1991 2337 2056 dominus
2378 2011 2496 2054 rex
2541 1988 2793 2073 Anglie
2835 1990 2950 2055 diu
2995 1988 3253 2055 distulit
3294 2004 3664 2074 acceptare,

958 2111 1301 2196 imponens
1334 2111 1667 2195 episcop0,
1706 2111 1836 2175 iam
1882 2110 2013 2175 alia
2049 2111 2191 2175 vice
2222 2110 2564 2187 translato,
2607 2111 2787 2193 quod
2827 2132 2949 2195 pro
2993 2122 3292 2196 tempore
3326 2132 3444 2175 suc
3489 2111 3666 2193 lega·

954 2232 1163 2298 cionis
1208 2234 1291 2297 ad
1342 2253 1560 2317 regem
1614 2232 2009 2299 Francorum
2049 2230 2216 2317 (erat
2258 2234 2429 2298 enim
2469 2231 2612 2298 hic⁴
2644 2232 2917 2298 nuncius
2953 2232 3088 2317 regi
3132 2233 3520 2315 coronato⁸)
3548 2232 3670 2295 eii⁸

959 2351 1108 2438 plus
1143 2353 1386 2438 placuit
1419 2374 1621 2437 quam
1656 2353 1868 2417 fidelis
1908 2353 2223 2419 nuncius
2256 2354 2471 2438 potuit
2517 2354 2579 2418 in
2625 2352 2741 2418 illo
2779 2373 2953 2429 casu,
2990 2364 3056 2417 et
3097 2353 3187 2419 ob
3226 2352 3354 2419 hoc
3394 2354 3670 2437 negocia

955 2474 1209 2540 domini
1250 2472 1385 2539 sui⁸
1434 2474 1603 2558 regis
1643 2472 2017 2558 Anglorum
2058 2475 2375 2540 inutiliter
2413 2485 2482 2540 et
2523 2473 2684 2540 salse
2724 2475 3119 2559 procuravit,
3159 2487 3223 2539 et
3267 2473 3430 2539 illud
3469 2474 3670 2540 suisne

957 2614 1223 2660 causam
1269 2596 1489 2679 gracie
1533 2597 1792 2660 invente
1836 2595 1900 2659 in
1943 2608 2298 2680 conspectu
2345 2596 2621 2680 predicti
2666 2596 3094 2678 sendo-regiS,
3136 2595 3250 2678 qui
3296 2595 3461 2660 alian
3505 2617 3668 2659 nun·

956 2736 1156 2799 quam
1207 2727 1493 2780 curasset
1538 2716 1622 2780 de
1669 2717 2094 2800 promocione
2142 2716 2333 2782 unius
2377 2714 2667 2799 Anglici,
2713 2715 2827 2800 qui
2876 2736 3209 2799 nunquam
3257 2714 3665 2798 Anglicum⁸

960 2837 1216 2913 dilexit,
1271 2857 1484 2919 neque
1532 2849 1718 2921 pater
1770 2858 1944 2914 suus,
1993 2850 2064 2902 ut
2124 2859 2321 2921 supra
2374 2838 2585 2922 patuit
2636 2849 2701 2901 et
2750 2836 2913 2901 infra
2963 2838 3235 2920 patebit.
3327 2836 3666 2920 Allegavit

962 2959 1193 3022 iterum
1241 2970 1469 3023 contra
1501 2956 1889 3022 translatum
1933 2959 2111 3042 quod
2157 2970 2502 3042 promotus
2542 2958 2714 3040 regis
2753 2956 3151 3023 Francorum
3196 2957 3470 3022 faciliter
3509 2978 3667 3021 con·

960 3091 1316 3143 verteretur
1364 3078 1425 3141 in
1470 3079 1571 3141 sui
1619 3078 2067 3162 prodicionem
2117 3100 2237 3163 pro
2278 3101 2398 3144 suo
2443 3091 2839 3163 promotore,
2869 3079 2980 3162 qui
3023 3098 3332 3143 coronam
3377 3077 3670 3152 francic,

962 3202 1098 3264 iure
1128 3199 1524 3264 hereditario
1560 3199 1683 3262 sibi
1716 3200 2034 3275 debitam,
2064 3212 2130 3264 et
2176 3201 2653 3284 possessionem
2704 3210 2970 3283 patrum
3017 3220 3285 3264 suorum
3307 3197 3362 3236 ¹⁰
3402 3199 3466 3263 in
3499 3198 3668 3264 vas-

960 3321 1211 3388 conia¹¹
1271 3334 1499 3386 contra
1561 3321 1882 3385 iusticiam
1938 3321 2063 3386 Dei
2116 3336 2183 3387 ct
2237 3322 2577 3386 hominum
2641 3321 2809 3386 salso
2868 3321 3148 3386 detinuit
3202 3333 3269 3385 et
3329 3320 3668 3386 violenter.

964 3443 1106 3509 Nec
1147 3443 1406 3508 racione
1449 3442 1626 3508 curie
1674 3442 1976 3507 Romane
2025 3441 2354 3528 poterat¹¹
2392 3441 2751 3509 translatus
2793 3442 2926 3526 regi
2975 3441 3250 3527 placere,
3280 3443 3454 3525 quia,
3481 3442 3667 3509 sicud

960 3566 1078 3629 suit
1126 3564 1504 3646 allegatum,
1548 3563 1855 3627 dominus
1902 3584 2017 3627 rex
2065 3562 2314 3647 Anglie
2357 3564 2615 3649 scripsit
2661 3564 2934 3629 domino
2983 3583 3156 3647 pape
3203 3585 3324 3648 pro
3361 3583 3492 3627 uno
3536 3563 3672 3628 alio

976 3684 1342 3751 clericosuo
1358 3686 1442 3748 ad
1467 3684 1646 3747 illum
1667 3685 2124 3769 episcopatum
2160 3686 2639 3769 promovendo,
2666 3683 3348 3769 impacientcrscrrens
3377 3683 3670 3768 prece3¹⁸

966 3808 1137 3889 regis
1163 3805 1565 3871 Francorum
1600 3805 1919 3871 attencius
1951 3825 2154 3888 quam
2187 3827 2339 3872 suas
2361 3808 2446 3872 de
2467 3803 2860 3890 episcopis¹⁴
2894 3806 2957 3870 in
2989 3826 3110 3869 suo
3141 3825 3344 3888 regno
3373 3805 3674 3870 creandis

1036 3962 1051 3995 ¹
1091 3963 1365 4019 assensui.
1406 3965 1471 4019 Β.
1826 3963 1847 3996 ⁸
1882 3982 1989 4018 om·
2030 3965 2095 4019 B.
2448 3961 2473 3996 ⁸
2507 3981 2616 4020 om.
2654 3965 2720 4020 C.
3053 3963 3074 3994 ⁴
3115 3964 3175 4020 i‘.
3217 3963 3280 4018 B.

1033 4047 1056 4080 ⁸
1094 4050 1524 4124 rep'coronato]
1554 4053 1715 4122 regis.
1756 4052 1820 4106 Β.
2210 4051 2233 4084 ⁶
2268 4070 2372 4108 our.
2414 4053 2480 4109 C.
2867 4047 2891 4080 ¹
2926 4049 3315 4108 embflniator.
3353 4051 3418 4106 C.

1040 4137 1059 4164 ⁰
1097 4157 1205 4192 ont.
1245 4141 1313 4195 C.
1592 4139 1614 4170 ⁰
1648 4141 1757 4211 qui
1778 4157 1949 4210 nemq-
1976 4137 2186 4208 Aru-L]
2215 4141 2381 4212 Angl.
2405 4140 2557 4198 enim
2583 4155 2886 4210 nunquam.
2926 4140 2991 4195 C.
3279 4137 3322 4170 ¹⁶
3354 4155 3458 4192 σοι
3503 4139 3566 4194 Β.

1042 4225 1075 4256 ¹²
1117 4225 1431 4282 Wuconia
1472 4229 1535 4283 C.
1828 4227 1865 4258 ¹¹
1904 4229 2122 4298 poterit.
2169 4229 2230 4282 B.
2523 4226 2558 4258 ¹¹
2599 4245 2870 4298 proceres.
2911 4228 2976 4282 C.
3263 4225 3303 4258 ⁸⁶
3342 4225 3494 4298 ipsis.
3539 4227 3600 4280 Β.
