4154 4895
586 490 730 543 ΔΛ).
746 491 903 543 1887.

593 707 824 758 Allisnoe

591 774 711 822 with

596 837 817 913 Flemish

593 919 799 968 pnnoes.

650 1338 689 1387 f.
714 1334 855 1387 11⁸⁵.

596 1402 675 1451 Sir
700 1403 890 1453 Walter

598 1468 789 1532 Msuny

594 1534 729 1597 slsys
750 1535 835 1583 the

599 1615 695 1664 peo
734 1600 781 1648 le
804 1600 862 1648 os

597 1667 641 1716 C
798 1665 847 1713 d.

597 1818 711 1868 'rbe
733 1830 881 1869 count

597 1887 653 1933 of
666 1886 691 1932 l·
706 1882 913 1933 landers'

599 1951 800 1999 brother

601 2015 853 2068 ἤδει-ικαὶ.

600 2195 871 2261 Tbepope

599 2264 747 2311 sends

601 2326 849 2375 cardinals
862 2335 915 2375 to

606 2392 836 2454 Englsnd
860 2402 914 2441 to

604 2460 832 2508 mediate.

604 2553 747 2602 ΔΛ).
756 2554 915 2599 1888.

608 2617 863 2665 Edward’s

601 2698 804 2732 ansver.

941 266 1029 329 60
1831 274 1881 331 C
1878 276 2201 333 HRONJC
2201 276 2322 333 ΟΝ
2364 277 2472 333 ΟΛ
2481 276 2775 334 LFRIDI

940 492 1045 537 ses
1076 471 1140 536 in
1174 492 1415 555 magna
1446 484 1731 550 caterva,
1763 473 1874 557 qui
1912 474 2206 540 animum
2244 476 2506 542 comitis
2541 474 2725 543 ducis
2773 476 3137 543 Brabancie
3181 476 3246 541 in
3287 474 3650 543 amiciciam

942 594 1114 677 regis
1144 594 1392 678 Anglie
1422 608 1652 660 contra
1683 616 1913 661 omnes
1941 593 2138 661 suos¹
2172 596 2472 662 inimicos
2508 618 2891 663 conversum
2931 598 3362 665 confirmavit.

1121 715 1379 782 Eodem
1412 737 1675 800 quoque
1704 736 1879 781 anno
1908 716 2166 801 scripsit
2210 718 2429 783 literas
2454 719 2896 803 expositorias
2934 720 3123 785 inicia
3162 718 3652 785 inimiciciarum

942 836 1112 902 inter
1155 838 1369 921 ipsum
1410 849 1478 902 et
1518 838 1852 902 tirannum
1902 838 2176 903 Francie
2215 851 2599 904 exortarum
2646 843 3052 906 continentes
3074 840 3122 919 ²,
3159 862 3326 925 quas
3357 840 3686 941 waltero·

946 958 1006 1022 le
1044 958 1289 1041 Magne
1314 961 1357 1035 ³,
1392 959 1579 1024 militi
1619 980 1739 1024 suo
1777 958 1973 1035 fideli,
2007 958 2549 1041 Burgundinensi,
2579 963 2848 1027 tradidit
2887 962 3274 1027 deserendas
3304 961 3656 1027 comitibus

946 1079 1317 1155 Hannonie,
1364 1078 1602 1155 Gelrie,
1646 1092 1713 1145 et
1764 1078 2152 1159 Iuliaeensi3
2196 1080 2309 1163 qui
2356 1101 2587 1145 omnes
2622 1082 2989 1147 amiciciam
3035 1096 3100 1147 et
3149 1094 3380 1148 contra
3424 1102 3657 1148 omnes

947 1200 1223 1266 iniustos
1250 1222 1406 1265 suos
1433 1200 1843 1267 adversarios
1875 1200 2259 1265 fidelitatem
2307 1202 2443 1283 regi
2482 1223 2598 1285 per
2631 1223 2858 1267 eorum
2893 1204 3111 1268 literas
3145 1215 3446 1288 patentes
3475 1223 3656 1268 com·

948 1321 1407 1405 promiserunt.
1502 1321 1799 1386 Prei'atus
1828 1320 2162 1385 Walterus
2193 1322 2254 1386 le
2274 1318 2300 1357 ⁴
2345 1321 2590 1403 Magne
2611 1322 2653 1397 ³,
2684 1344 2806 1406 pro
2827 1336 3126 1407 tempore
3155 1346 3272 1388 sue
3304 1323 3658 1405 legacionis

948 1442 1393 1508 vindicaturus
1448 1442 1831 1525 sanguinem
1892 1443 2174 1507 duorum
2232 1440 2690 1525 Anglicorum,
2736 1464 2904 1527 quos
2956 1445 3324 1528 quesituros
3383 1443 3660 1508 navibus

948 1582 1155 1646 aquas
1186 1576 1474 1629 recentes
1506 1562 1809 1646 indigene
1831 1562 2168 1627 cuiusdam
2197 1562 2402 1627 insule
2434 1562 2622 1628 iuxta
2657 1563 3034 1629 Flandriam
3065 1584 3356 1637 necuere,
3386 1561 3657 1627 omnes⁸

948 1704 1116 1767 quos
1148 1684 1390 1748 invenit
1424 1684 1488 1748 in
1518 1686 1752 1748 eadem
1787 1682 2041 1747 insula⁴¹
2081 1682 2262 1747 iussit
2298 1683 2360 1748 in
2393 1704 2507 1747 ore
2536 1683 2738 1765 gladii
2771 1684 3082 1750 trucidari
3110 1710 3127 1763 ς
3174 1686 3354 1768 quod
3391 1684 3660 1748 effectu·

950 1804 1141 1869 aliter
1195 1802 1313 1868 suit
1374 1803 1738 1888 impletum,
1785 1803 1929 1888 ipso
1973 1816 2308 1887 prestante
2327 1802 2372 1865 ⁷.
2467 1804 2724 1869 Ibidem
2777 1804 2985 1870 eciam
3039 1804 3211 1888 cepit
3266 1824 3656 1887 germanum

950 1924 1213 1991 comitis
1262 1924 1586 2000 Flandrie,
1629 1945 1825 2008 quem
1881 1945 1997 1989 rex
2053 1923 2302 2007 Anglie
2346 1925 2471 1988 sibi
2530 1928 2914 2001 adductum,
2967 1925 3210 2009 pulcris
3257 1926 3658 1999 muneribus,

951 2046 1155 2129 equis,
1185 2058 1249 2110 et
1286 2045 1600 2111 iocalibus
1631 2045 2048 2121 honoratum,
2083 2045 2459 2110 Flandriam
2494 2047 2736 2111 remisit
2772 2066 2920 2111 cum
2961 2046 3283 2112 libertate.

1134 2165 1405 2231 Iniciata
1438 2187 1555 2250 per
1586 2167 1857 2230 modum
1891 2166 2294 2250 descriptum
2329 2165 2584 2232 Gallica
2614 2188 2867 2249 guerra,
2911 2180 2976 2232 et
3007 2164 3242 2232 deinde
3287 2167 3660 2233 rumoribus

952 2289 1038 2353 ad
1071 2287 1314 2352 curiam
1352 2287 1726 2352 Romanam
1760 2287 2109 2361 ventilatis,
2154 2287 2461 2351 dominus
2507 2310 2682 2372 papa
2721 2288 2895 2353 misit
2943 2290 3110 2352 duos
3143 2287 3506 2353 cardinales
3537 2309 3660 2371 pro

951 2427 1116 2492 pace
1168 2407 1583 2474 reformanda
1634 2408 1800 2473 inter
1843 2429 2044 2492 reges,
2086 2407 2198 2491 qui
2253 2410 2431 2494 apud
2490 2407 3149 2474 westmonasterium
3208 2422 3658 2494 exposuerunt

953 2548 1174 2594 coram
1222 2550 1375 2612 rege
1419 2549 1681 2594 causam
1722 2529 1823 2594 sui
1860 2532 2201 2596 adventus.
2294 2529 2573 2595 Proinde
2609 2529 2931 2596 concilio⁸
2974 2530 3142 2612 regis
3182 2543 3547 2596 convocato
3595 2529 3660 2594 in

954 2650 1287 2715 crastino⁹
1320 2649 1795 2715 purificationis
1826 2650 2114 2734 Virginis
2146 2650 2447 2734 gloriose,
2479 2663 2628 2734 post
2662 2671 3003 2735 procerum
3035 2650 3404 2716 consultum
3429 2649 3498 2724 ¹⁰,
3537 2671 3660 2716 rex

954 2769 1395 2836 cardinalibus
1425 2770 1703 2836 finaliter
1734 2773 2071 2856 respondit
2101 2775 2300 2856 quod,
2335 2771 2637 2856 quamvis
2669 2771 2882 2855 ipsum
2916 2771 3082 2836 ultra
3116 2773 3386 2835 modum
3417 2792 3660 2852 angm-

957 2892 1193 2956 tiatum
1218 2892 1570 2957 affecerunt
1595 2905 1660 2958 et
1679 2891 1723 2930 ¹¹
1753 2893 1878 2957 sibi
1903 2895 2301 2974 denegatum
2329 2893 2427 2958 ius
2453 2913 2820 2966 commune,
2844 2913 2980 2976 quo
3002 2893 3268 2956 deberet
3297 2892 3358 2956 in
3387 2911 3658 2972 regnum

950 3013 1207 3080 avitum
1240 3015 1605 3092 succedere,
1634 3026 1699 3079 et
1731 3014 2082 3080 crudelitas
2111 3035 2311 3098 quam
2351 3036 2503 3078 suus
2533 3013 2942 3078 adversarius
2976 3013 3320 3097 Philippus
3351 3015 3434 3076 de
3467 3012 3660 3076 Vale-

954 3136 1057 3200 sio
1110 3135 1405 3200 exercuit
1459 3134 1522 3199 in
1572 3133 1911 3218 Anglicos‚
1961 3134 2139 3220 ipsos
2186 3137 2538 3199 dumtaxat
2587 3135 2672 3201 de
2730 3154 2932 3216 regno
2982 3133 3273 3208 Francie,
3317 3147 3660 3216 tamquam

958 3255 1203 3321 Iudcos
1245 3267 1358 3320 aut
1397 3255 1697 3320 inimicos
1728 3255 1994 3330 Christi,
2039 3255 2455 3340 expellendo,
2491 3255 2899 3330 trucidandO,
2928 3254 3298 3338 spoliando,
3342 3267 3406 3316 et
3457 3253 3662 3316 incar·

954 3379 1260 3453 ecrando,
1298 3388 1362 3441 et
1404 3376 1528 3442 sibi
1566 3379 1881 3442 ducatum
1913 3375 2324 3460 Aquitannie
2353 3389 2418 3440 et
2457 3375 2846 3441 comitatum
2899 3375 3192 3439 Pontivie
3238 3374 3474 3438 iniuste
3523 3375 3662 3437 sine

956 3517 1155 3562 causa
1213 3496 1590 3574 auferendo,
1648 3510 1714 3562 et
1778 3498 2037 3582 insuper
2097 3497 2344 3562 Scotos
2401 3518 2556 3561 suos
2619 3494 2892 3559 rebelles
2960 3495 3196 3568 favore,
3254 3493 3532 3560 concilio
3593 3507 3660 3558 ct

957 3618 1213 3684 auxilio
1272 3629 1502 3684 contra
1564 3617 1777 3703 ipsum
1839 3618 2268 3694 confovendo,
2343 3630 2564 3683 tamen
2629 3616 2774 3701 paci
2841 3616 3113 3680 ecclesie
3175 3629 3240 3682 et
3311 3635 3662 3697 regnorum

958 3740 1239 3806 libenter
1283 3741 1853 3805 condescenderet.
1944 3741 2206 3825 Optulit
2257 3739 2359 3804 bis
2407 3739 2651 3806 iniuriis
2703 3737 3156 3804 condonandis
3207 3737 3664 3806 cardinalibus.

1032 3973 1049 4006 ¹
1087 3993 1277 4030 omnes
1300 3975 1453 4040 suos]
1481 3975 1821 4046 transposui.
1866 3976 1926 4029 B.
2163 3973 2184 4005 ²
2220 3992 2326 4027 om.
2367 3975 2431 4029 B.
2667 3971 2690 4004 ⁸
2733 3974 2972 4028 stasne.
3011 3973 3076 4026 C.
3325 3969 3348 4000 ‘
3385 3968 3472 4026 de.
3515 3971 3576 4024 B.

1032 4061 1051 4092 ⁸
1090 4077 1383 4134 propterea
1408 4063 1595 4118 added
1612 4065 1677 4134 by
1700 4062 1940 4116 another
1958 4060 2123 4116 hand
2138 4063 2318 4132 before
2340 4080 2552 4116 omnes.
2591 4063 2657 4116 C.
3082 4057 3104 4090 ⁰
3140 4076 3246 4111 om.
3285 4059 3348 4114 C.

1030 4149 1051 4180 ¹
1090 4163 1369 4222 preeunte.
1412 4153 1473 4206 B.
2181 4151 2202 4180 ⁰
2238 4155 2554 4204 concilium.
2597 4151 2660 4203 Β.
3083 4145 3110 4178 ⁹
3141 4161 3462 4200 crastinum.
3505 4147 3568 4200 Β.

1038 4239 1076 4270 ¹⁰
1112 4241 1181 4294 de
1209 4256 1498 4308 procerum
1526 4241 1777 4304 concilio,
1804 4257 1941 4293 over
1962 4256 2234 4294 erasures.
2275 4241 2340 4295 C.
2627 4236 2664 4268 ¹¹
2703 4255 2808 4290 om.
2855 4237 2955 4300 B.;
2991 4235 3310 4289 s'nterlened.
3349 4235 3412 4288 C.
