4154 4895
1254 278 1364 334 LE
1406 277 1699 333 BAKER
1740 277 1862 332 DE
1904 248 2522 333 SWYNEBROKE.
3123 282 3239 351 151

536 479 801 545 musicis
887 479 1195 545 cornibus
1256 486 1461 562 atque
1533 476 1847 561 naquiriis
1921 477 2504 561 coresponderunt‚
2569 487 2636 541 et
2706 475 2998 542 Pictavie
3069 496 3238 542 saxa
3285 487 3596 538 mulam.

537 600 814 667 muralia
851 599 1031 666 silvis
1064 599 1268 666 hecco
1309 609 1728 676 resonarunt3
1768 598 1943 662 unde
1984 607 2287 682 putasses
2325 608 2586 663 montes
2617 597 2899 663 vallibus
2932 597 3246 681 mugiisse

534 731 603 788 et
670 723 735 787 in
803 723 1087 787 nubibus
1153 721 1466 787 tonuisse.
1555 720 1791 785 Tantis
1851 720 2161 785 tonitruis
2222 718 2501 785 fulmina
2560 719 2705 784 dira
2767 740 2897 785 non
2960 717 3245 798 defuere,
3317 778 3345 791 ,

533 845 696 909 dum
742 844 1153 909 radiantibus
1196 843 1408 908 aureis
1463 841 1664 908 armis
1707 841 1828 905 lux
1873 840 2212 937 scintillata:
2251 853 2318 907 et
2363 842 2450 906 de
2508 841 2718 926 polito
2765 840 2976 907 calibe
3021 861 3246 907 corus-
3352 838 3392 887 t.
3415 837 3543 886 144.

537 974 690 1032 cant
748 964 937 1030 haste
996 963 1310 1043 volantes,
1356 984 1634 1048 quarum
1695 964 2019 1047 cuspides,
2065 941 2357 1027 fulminis
2420 964 2642 1041 instar,
2708 964 2907 1028 obvia
2967 962 3245 1028 findunt.

539 1086 730 1151 Tunc
789 1088 983 1153 turba
1042 1086 1271 1152 minax
1329 1085 1821 1152 balistariorum
1883 1086 2090 1150 densa
2147 1084 2425 1168 caligine
2493 1084 2939 1168 quarellorum
3003 1094 3246 1150 tetram

537 1218 803 1274 noctem
892 1228 1133 1293 campo
1199 1207 1486 1286 reduxit,
1551 1226 1753 1290 quam
1830 1207 2203 1271 reverberat
2269 1207 2482 1271 imber
2552 1205 2765 1272 letifer
2836 1206 3250 1291 sagittarum,

537 1351 705 1414 quas
759 1329 976 1395 emisit
1042 1327 1334 1413 Anglica
1408 1328 1654 1407 falanX,
1721 1328 1932 1413 pubes
1994 1328 2230 1406 furore,
2291 1327 2450 1412 quia
2521 1329 2896 1413 desperans,
2972 1329 3242 1412 agitata.

542 1450 831 1517 Evolant
875 1451 1081 1516 eciam
1128 1451 1265 1534 pila
1314 1450 1626 1528 fraxinea,
1668 1451 1829 1515 dum
1880 1472 1952 1515 se
1996 1447 2290 1515 salutant
2325 1450 2583 1514 eminus
2628 1449 2872 1529 hostes,
2917 1469 2995 1516 ac
3042 1450 3248 1516 Fran-

541 1593 767 1639 corum
815 1593 1005 1639 coors
1047 1571 1293 1656 stipata
1335 1572 1556 1636 densis
1614 1571 1904 1647 catervis,
1952 1579 2307 1655 protegens
2370 1581 2643 1655 pectora
2685 1573 2809 1637 sub
2856 1571 3256 1637 umbonibus

541 1694 786 1760 seriose
850 1693 1060 1772 nexis,
1125 1713 1167 1758 a
1207 1692 1586 1757 volatilibus
1639 1713 1755 1758 ora
1815 1692 2139 1770 declinat3
2202 1693 2377 1758 unde
2434 1693 2779 1776 sagittarii,
2840 1693 3094 1759 saretris
3154 1694 3253 1758 in-

540 1836 801 1883 cassum
847 1814 1195 1893 evacuatiS,
1225 1814 1513 1899 peltibus
1549 1823 1617 1881 et
1656 1812 1894 1898 gladiis
1924 1814 2283 1879 dumtaxat
2323 1814 2581 1893 armati,
2610 1836 2844 1899 graves
2884 1825 3254 1882 armaturas

542 1937 853 2003 invadere
895 1938 1217 2002 docentur
1260 1958 1302 2003 a
1345 1935 1621 2002 libidine
1666 1935 1958 2001 fervente
2001 1936 2284 2001 vendere
2329 1945 2632 2015 mortem,
2675 1957 2880 2020 quam
2926 1938 3256 2022 putabant

547 2058 732 2123 illum
778 2058 956 2122 diem
1000 2077 1072 2121 se
1130 2056 1450 2122 finituros.
1571 2055 1760 2122 Tunc
1811 2057 2034 2122 fremit
2081 2056 2329 2123 instans
2374 2056 2616 2122 Wallie
2660 2057 2981 2143 princeps,
3027 2055 3258 2123 Gallos

545 2178 859 2245 mutilans
938 2178 1233 2244 mordaci
1320 2187 1530 2262 spata,
1617 2177 1882 2243 lanceas
1968 2187 2254 2258 truncat,
2347 2178 2513 2245 ictus
2601 2179 2991 2259 reverberat,
3079 2180 3258 2244 nisus

543 2297 890 2378 adnihilat,
960 2297 1185 2387 lapsos
1271 2295 1593 2378 sublevat,
1668 2308 1737 2365 et
1809 2299 2009 2364 docet
2083 2298 2313 2366 hostes
2384 2319 2587 2383 quam
2661 2300 2906 2366 furiosa
2978 2301 3067 2367 sit
3144 2300 3262 2364 de-

546 2419 845 2505 speracio
890 2419 1015 2485 sub
1059 2420 1221 2502 toga
1268 2418 1523 2485 Martis.
1547 2423 1614 2504 s

724 2542 997 2607 Interim
1064 2540 1450 2625 oepitaneus
1523 2541 1609 2606 de
1674 2541 1740 2607 la
1806 2540 2067 2607 Busche
2133 2533 2433 2626 graditur
2499 2543 2624 2609 iter
2696 2542 3061 2628 obliquum,
3136 2542 3261 2607 sub
3298 2544 3489 2596 'rhem
3525 2543 3598 2596 tal

548 2663 805 2730 declivo
836 2664 1145 2728 recedens
1174 2683 1214 2728 a
1247 2673 1472 2728 monte
1500 2683 1702 2746 quem
1726 2660 1749 2698 ¹
1786 2683 1936 2728 cum
1983 2663 2279 2748 principe
2324 2684 2535 2748 nuper
2577 2664 2847 2741 dimisit,
2893 2676 2960 2730 et
3002 2664 3262 2731 occulte
3297 2611 3549 2728 &kaurno

549 2784 773 2869 girans
816 2804 1129 2869 campum
1184 2784 1365 2850 venit
1423 2785 1509 2850 ad
1570 2784 1791 2851 locum
1848 2784 2250 2851 submissum
2310 2786 2522 2870 prime
2580 2787 2889 2852 stacionis
2947 2787 3261 2854 coronati.
3298 2741 3547 2861 effiyin

555 2905 824 2971 Exinde
866 2906 1245 2973 conscendit
1289 2905 1532 2972 alciora
1588 2907 1805 2992 campi
1867 2927 1986 2991 per
2027 2906 2207 2972 viam
2269 2905 2537 2973 Gallicis
2597 2907 2834 2975 ultimo
2882 2909 3126 2988 tritam,
3170 2908 3267 2974 sic

551 3048 819 3112 quoque
878 3027 1099 3093 subito
1158 3049 1595 3113 prorumpens
1645 3030 1734 3095 ab
1795 3028 2060 3094 occulto
2120 3049 2239 3113 per
2281 3029 2657 3096 veneranda
2700 3030 2889 3114 signa
2936 3028 3263 3113 Georgica

554 3148 945 3232 significavit
1010 3149 1205 3215 nobis
1267 3149 1573 3215 amicum.
1694 3150 1885 3215 Tunc
1950 3150 2339 3216 verecundia
2395 3150 2709 3235 principis
2753 3160 3007 3235 pugnat
3052 3151 3262 3217 aciem

559 3268 883 3336 Gallicam
929 3271 1319 3354 dirumpere,
1364 3271 1748 3355 priusquam
1800 3272 2185 3356 capitaneus
2228 3271 2456 3337 fuisset
2499 3279 2848 3358 'aggressus
2891 3272 3062 3338 latus
3106 3272 3263 3338 belli

556 3391 736 3473 quod
782 3388 924 3456 sola
970 3389 1229 3474 Gallica
1272 3401 1462 3475 terga
1506 3401 1828 3458 tutarunt.
1916 3391 2102 3477 Ergo

1051 3521 1067 3551 ‘
1085 3519 1347 3592 Precipiti
1384 3521 1512 3577 nisu
1548 3538 1819 3578 vesanum
1855 3521 2124 3610 principis
2159 3538 2364 3592 agmen

1092 3610 1159 3664 In
1196 3609 1407 3665 densos
1444 3610 1629 3681 agitur
1664 3627 1894 3679 cuneos,
1931 3627 2144 3682 perque
2179 3626 2355 3679 arma,
2391 3626 2492 3681 per
2523 3609 2717 3667 hostes

1091 3696 1287 3767 Querit
1324 3696 1445 3766 iter,
1482 3707 1716 3770 tutoque
1751 3698 1932 3755 latens
1970 3699 2075 3754 sub
2111 3696 2361 3769 tegmine
2397 3695 2670 3769 pectus,’'

627 3809 649 3846 ι

628 3900 651 3932 ²
686 3814 1023 3972 ἓῖῗιιὲω,
1059 3899 1269 3958 Phars.
1303 3902 1396 3958 vii.
1433 3902 1700 3973 496-499.
1780 3901 1896 3959 The
1924 3907 2175 3976 passage
2219 3904 2274 3959 is
2318 3921 2386 3959 as
2416 3902 2658 3974 follows
2673 3921 2696 3959 .·

1086 4010 1100 4034 ⁴
1121 4006 1387 4071 Praecipiti
1422 4023 1570 4058 cursu
1602 4022 1838 4059 vesanum
1872 4008 2100 4059 Caesaris
2133 4022 2312 4073 agmen

1119 4087 1180 4139 In
1214 4088 1395 4139 densos
1428 4091 1595 4154 agitur
1627 4105 1843 4141 euneos:
1902 4106 2088 4157 perque
2120 4106 2275 4153 arma,
2311 4107 2401 4156 per
2432 4090 2625 4142 hostem

1116 4171 1321 4235 Quaerit
1352 4171 1458 4234 iter,
1494 4188 1593 4239 qua
1626 4180 1758 4223 torta
1780 4188 1959 4238 graves
1992 4173 2149 4224 lorice
2181 4178 2383 4224 catenas

1125 4252 1369 4318 Opponit,
1404 4262 1610 4321 tutoque
1644 4255 1765 4307 latet
1800 4256 1894 4306 sub
1925 4257 2144 4321 tegmine
2178 4254 2381 4322 pectus)
