4154 4895
966 228 989 274 1
1008 228 1090 277 20
1850 219 1899 275 C
1896 217 2224 277 HRONIC
2224 218 2347 275 ΟΝ
2386 218 2797 276 GALFRIDI

610 430 913 481 suasus.
953 417 1132 501 apud
1171 435 1390 500 regem
1427 413 1878 500 Crakkowye¹
1918 428 1985 482 et
2021 414 2341 482 Polonie²
2370 428 2600 483 contra
2629 415 2885 482 Turcos
2916 417 3323 491 demorante,
3356 416 3490 482 filia
3519 418 3676 482 sua⁸

606 563 854 627 maringe
868 560 927 611 os
955 537 1229 602 domino
1273 537 1425 602 duci
1473 535 1783 603 Selandie
1814 536 2169 615 willelmo,
2200 538 2647 623 primogenito
2688 538 3027 622 quondam
3079 536 3458 603 Ludowici‘
3490 538 3676 603 ducis

604 630 690 681 the
711 629 845 679 dnke

604 696 663 745 os
681 695 808 744 Lan·

603 761 806 812 enters

604 826 862 891 daughter.

608 909 785 959 θεῖαι
809 908 867 958 of

608 976 711 1024 Gui
734 975 797 1024 de

608 1040 760 1090 Nesle
784 1041 848 1104 by

608 1106 801 1155 Walter

609 1171 830 1235 Bentley,

614 1249 673 1301 14
698 1239 827 1303 Aug.

959 658 1252 733 Bavarie‚
1292 659 1633 725 intrusoris
1666 659 1921 745 imperii
1959 659 2266 738 Romani,
2301 659 2421 725 suit
2454 660 2519 725 in
2550 658 2801 744 Anglia
2842 661 3243 744 desponsata
3272 661 3359 725 de
3398 660 3678 727 concilio

956 779 1133 864 regis
1161 790 1228 845 et
1261 780 1704 846 ordinacione.

1134 900 1274 967 Isto
1304 900 1532 977 anno⁵,
1568 902 1630 964 in
1662 900 1888 985 vigilia
1921 900 2425 986 Assumpcionis
2454 900 2762 985 Virginis,
2795 901 3025 966 matris
3058 901 3204 975 Dei,
3229 900 3562 966 Walterus
3591 902 3678 965 de

958 1020 1367 1106 Benteleye⁰‚
1412 1023 1814 1106 capitaneu5‚
1856 1022 2189 1087 Robertus
2229 1022 2493 1088 Knollis
2528 1034 2594 1087 et
2640 1022 2750 1087 alii
2788 1023 2959 1105 regis
3006 1022 3230 1087 fideles
3277 1022 3340 1086 in
3384 1022 3677 1121 march-ia

961 1142 1300 1208 Britannie
1352 1143 1657 1209 hostibus
1708 1144 1970 1228 egregie
2022 1145 2392 1221 obviarunt,
2447 1143 2558 1208 ubi
2613 1143 2676 1206 in
2725 1144 3084 1208 certamine
3136 1144 3252 1209 diu
3307 1142 3678 1229 periculoso

961 1263 1214 1330 fuerant
1259 1265 1457 1330 occisi
1502 1266 1921 1331 marescallus
1960 1265 2234 1330 Francie
2281 1263 2676 1349 principalis,
2709 1265 2866 1329 item
2905 1265 3155 1330 domini
3201 1266 3288 1330 de
3332 1264 3610 1349 Quintin
3633 1263 3680 1339 ⁴¹.

958 1381 1043 1446 de
1076 1380 1462 1447 Curtunoke
1482 1382 1525 1459 ⁸,
1557 1384 1641 1447 de
1686 1382 2086 1448 Richemont
2105 1384 2147 1459 ⁰,
2178 1383 2263 1447 de
2297 1382 2756 1457 Mountalban,
2786 1383 2873 1447 de
2911 1381 3220 1466 Lagenel‚
3250 1383 3337 1447 de
3379 1382 3680 1464 Launey.

957 1503 1042 1566 de
1076 1502 1530 1568 Mountboche
1550 1500 1619 1579 ¹⁰,
1649 1505 1735 1568 de
1770 1503 2170 1569 Vilechastel
2196 1499 2263 1579 ¹¹,
2294 1504 2379 1567 de
2422 1503 2485 1567 la
2529 1501 2819 1579 Marche,
2855 1514 2922 1567 et
2960 1502 3072 1567 alii
3117 1502 3359 1567 milites
3403 1522 3680 1567 numero

958 1634 1220 1688 centum
1241 1624 1700 1707 quadraginta,
1724 1635 1924 1708 atque
1946 1623 2278 1689 domicelli
2307 1624 2393 1689 ad
2418 1620 2814 1687 summam¹²
2841 1623 3372 1706 quingentorum,
3394 1642 3679 1706 quorum

960 1750 1119 1823 toge
1192 1751 1526 1805 armature
1602 1739 1861 1805 suerunt
1938 1752 2289 1824 reportate,
2359 1760 2634 1805 numero
2711 1738 3129 1823 popularium
3211 1760 3344 1803 non
3417 1750 3678 1803 taxato.

963 1860 1220 1925 Ibidem
1253 1862 1433 1945 capti
1466 1860 1724 1926 suerunt
1745 1861 2056 1927 dominus
2079 1861 2128 1899 ¹³
2159 1862 2244 1926 de
2281 1859 2656 1924 Brusebeke
2677 1856 2753 1937 ¹⁴,
2775 1858 2947 1923 filius
2972 1859 3334 1926 marescalli
3361 1858 3680 1933 Bertram.

962 1982 1118 2046 item
1166 1982 1486 2048 Tristram
1530 1984 1614 2048 de
1652 1982 1887 2048 Maleis
1910 1979 1978 2061 ¹⁶,
2012 1983 2169 2047 item
2209 1983 2519 2047 dominus
2562 1982 2647 2046 de
2679 1979 2989 2046 Maletret
3013 1977 3087 2059 ¹⁸,
3119 1981 3275 2045 item
3314 1980 3682 2047 vicecomes

963 2104 1048 2168 de
1095 2103 1419 2188 Comayn,
1468 2105 1626 2169 item
1676 2103 2014 2170 Galsridus
2065 2107 2152 2170 de
2199 2102 2482 2179 Goanes,
2528 2101 2901 2167 Willelmus
2951 2103 3039 2167 de
3090 2101 3154 2168 la
3197 2102 3348 2179 Val.
3395 2101 3680 2168 Carolus

964 2221 1747 2303 Darchefil¹²‚10hannes
1790 2228 1876 2291 de
1922 2226 2139 2290 Bause
2183 2237 2250 2290 et
2295 2225 2404 2290 alii
2456 2224 2694 2288 milites
2723 2243 2873 2289 cum
2904 2223 3272 2289 domicellis
3300 2222 3349 2261 ¹⁰
3394 2224 3680 2309 amplius

961 2365 1161 2428 quam
1195 2359 1457 2411 centum
1490 2359 1557 2412 et
1588 2348 1875 2431 triginta.
1971 2347 2106 2411 Iste
2149 2347 2550 2412 Francorum
2582 2346 2914 2409 exercitus
2949 2347 3074 2409 sub
3114 2347 3358 2411 ducatu
3401 2346 3680 2431 predicti

970 2467 1332 2532 marescalli
1364 2489 1450 2532 ex
1485 2469 1830 2553 proposito
1871 2469 2163 2534 ductoris
2207 2467 2416 2532 fuerat
2449 2489 2490 2532 a
2520 2478 2708 2550 tergo
2748 2467 3005 2532 declivo
3045 2467 3387 2533 cuiusdam
3433 2469 3680 2532 montis

967 2586 1268 2665 vallatus,
1298 2591 1478 2671 quod
1511 2610 1640 2654 non
1674 2602 1936 2675 poterat
1969 2589 2192 2672 sugam
2229 2588 2408 2666 inire,
2440 2600 2511 2652 ut
2542 2608 2630 2652 ex
2673 2586 2825 2671 suge
2862 2588 3328 2671 desperacione
3358 2603 3676 2654 cresceret

961 2709 1083 2773 ciis
1134 2709 1411 2775 audacia
1466 2712 1825 2794 pugnandi,
1878 2712 2062 2776 sicud
2119 2709 2286 2774 solet
2332 2705 2746 2774 animosis¹⁰.
2841 2709 3130 2774 Fuerunt
3173 2709 3382 2774 eciam
3431 2709 3676 2772 ibidem

966 2830 1186 2914 plures
1252 2832 1339 2895 de
1402 2833 1715 2898 comitiva
1791 2833 2073 2896 militum
2153 2830 2377 2908 stelle,
2451 2831 2563 2913 qui
2642 2830 2706 2893 in
2779 2851 2900 2894 sua
2977 2830 3380 2914 professione
3453 2831 3682 2896 coniu-

964 2964 1189 3016 rarunt
1244 2973 1314 3016 se
1364 2971 1701 3036 nunquam
1751 2951 2042 3037 Anglico
2093 2966 2280 3034 terga
2333 2952 2560 3016 territa
2613 2972 2933 3026 versur05,
2985 2952 3072 3016 de
3121 2952 3362 3034 quibus
3417 2949 3678 3014 suerunt

966 3073 1133 3137 inter
1192 3085 1425 3157 captos
1484 3084 1552 3139 et
1610 3075 1862 3140 occisos
1921 3074 2246 3139 numerati
2307 3072 2746 3156 quadraginta
2800 3072 3109 3155 quinque.
3200 3070 3319 3136 Ab
3373 3072 3486 3136 illo
3539 3073 3678 3136 dis-

959 3195 1232 3261 crimine
1268 3195 1460 3279 pauci
1507 3215 1637 3260 non
1675 3196 1964 3261 wlnerati
2010 3207 2376 3272 evaserunt,
2422 3194 2485 3258 in
2529 3214 2665 3277 quo
2712 3193 3000 3278 ipsorum
3023 3193 3075 3230 ²⁰
3107 3195 3487 3277 capitaneus
3533 3215 3682 3276 pre·

969 3314 1142 3381 satus
1173 3315 1508 3381 Walterus
1539 3316 1933 3382 horribiliter
1964 3318 2312 3381 wlneratus
2353 3316 2537 3380 iussit
2572 3314 2844 3396 triginta
2885 3315 3262 3396 sagittarios
3297 3315 3682 3398 decapitari.

973 3437 1087 3520 qui
1148 3437 1213 3502 in
1276 3437 1575 3503 maximo
1634 3438 1788 3503 belli
1852 3437 2102 3502 fervore
2163 3438 2336 3502 teriti
2391 3459 2431 3501 a
2482 3434 2886 3501 Gallicorum
2950 3436 3394 3502 immensitate
3455 3435 3678 3520 sugam

970 3558 1270 3624 inierunt.

1044 3751 1061 3785 ¹
1102 3752 1414 3810 Crakowie.
1453 3755 1517 3810 C.
1756 3752 1779 3787 ¹
1814 3761 1871 3810 e!
1904 3751 2053 3824 1²01]
2082 3771 2190 3809 om.
2231 3754 2296 3810 B.
2509 3751 2532 3784 “
2571 3771 2672 3808 suo
2711 3755 2774 3810 C.
3007 3752 3028 3784 ⁶
3069 3753 3364 3809 Lodewici.
3402 3753 3464 3808 C.

1038 3837 1062 3871 ⁸
1098 3858 1206 3895 om.
1245 3843 1308 3896 C.
1652 3840 1675 3872 ⁸
1714 3843 1998 3912 Benteley.
2039 3845 2105 3898 C.
2340 3838 2361 3872 ¹
2399 3841 2700 3912 Quinteyn.
2739 3842 2804 3898 C.
3017 3837 3039 3871 ⁸
3077 3841 3414 3896 Cunenoke.
3455 3841 3518 3896 C.

1038 3927 1061 3960 ⁹
1100 3929 1489 3998 Rycbemund.
1530 3930 1594 3985 C.
1952 3930 1993 3962 ¹⁰
2030 3931 2367 3986 Mountbolt.
2406 3933 2472 3986 C.
2828 3927 2864 3961 ¹¹
2907 3929 3046 3998 Vyle
3075 3931 3118 3984 C
3127 3929 3322 3984 bustel.
3367 3931 3432 3984 C.

1044 4014 1084 4048 ¹³
1119 4015 1521 4088 adsumsimus]
1552 4035 1787 4074 summ.
1828 4019 1897 4075 C.
2181 4016 2219 4049 ¹⁸
2258 4019 2486 4074 domini.
2526 4019 2590 4075 C.
2948 4015 2988 4048 ⁸⁸
3033 4016 3396 4084 [innebeke.
3436 4017 3500 4072 C.

1044 4099 1084 4134 ⁸⁸
1126 4105 1357 4174 Maleys.
1398 4106 1461 4159 C.
1889 4103 1929 4137 ¹⁸
1970 4107 2246 4160 Malatret.
2287 4109 2351 4162 C.
2783 4101 2820 4134 '²
2861 4104 3178 4172 Dartbeiyl.
3218 4105 3284 4160 C.

1044 4189 1085 4223 ¹'
1118 4191 1443 4246 damiceltis.
1486 4193 1548 4246 Β.
1882 4192 1924 4224 ¹⁹
1959 4195 2266 4249 animosus.
2307 4195 2371 4250 C.
2779 4191 2821 4224 '¹'
2859 4193 3090 4248 illorum.
3131 4193 3194 4248 C.
