4154 4895
958 298 981 343 1
996 282 1036 342 6
1825 281 1875 337 C
1874 281 2197 338 HRONIC
2198 283 2320 340 ΟΝ
2372 283 2786 341 GALFRJD!

598 497 915 553 A-uma.
952 485 1337 552 custodibus
1368 481 1692 566 corruptis
1731 481 2131 560 muneribus,
2160 482 2366 547 evasit
2397 495 2483 557 et,
2519 484 2582 547 in
2617 484 2964 550 Franciam
3011 483 3328 569 dilapsus.
3362 486 3668 570 predicto

602 591 855 707 κοῖς-
955 606 1211 672 Karolo
1252 607 1335 671 de
1374 604 1630 687 Valoys
1666 602 1823 668 exul
1865 601 2244 686 Anglorum
2289 604 2580 688 ipsorum
2624 606 2890 671 inimico
2933 606 3286 671 inclinatus
3321 608 3555 681 adesit,
3598 610 3663 671 in

604 698 865 747 Mommer
952 750 1195 793 novum
1244 726 1593 792 discidium
1642 736 1845 808 atque
1888 724 2328 789 miserabilem
2368 747 2676 809 guerram
2720 727 3100 793 intestinam
3146 740 3510 793 reservatus
3549 749 3666 813 per

952 851 1421 915 seminatorem
1468 846 1916 911 zizanniorum
1938 842 1980 908 ¹.

600 997 740 1046 ΔΛ).
759 996 916 1045 1³24.
1132 969 1447 1033 Proxima
1502 966 2045 1050 Quadragesima,
2096 967 2158 1029 in
2209 967 2651 1051 parliamento
2706 968 3173 1041 Londoniensi,
3230 969 3664 1053 inquisicione

668 1089 854 1139 1²0³·
955 1091 1127 1156 sacta
1187 1102 1417 1155 contra
1477 1087 1705 1153 Adam
1766 1088 2153 1172 episcopum
2221 1088 2779 1154 lleresordensem
2857 1111 2973 1174 per
3033 1089 3278 1173 legales
3337 1092 3516 1156 viros
3575 1093 3662 1154 de

604 1175 827 1291 23⁸2(
955 1213 1276 1277 comitatu
1330 1209 1734 1285 Heresordie,
1779 1229 1978 1292 super
2024 1230 2107 1272 eo
2156 1210 2334 1291 quod
2388 1211 2721 1293 predictus
2773 1209 2999 1276 Adam
3053 1211 3270 1277 adesit
3321 1212 3662 1294 quondam

602 779 715 814 ese·

600 832 708 880 into
740 830 917 877 'ranem

600 1307 906 1424 ἓξῖιᾛορ
956 1333 1086 1397 illis
1129 1334 1214 1398 de
1276 1331 1547 1396 Mortuo
1609 1330 1792 1403 mari,
1844 1330 2124 1394 inimicis
2176 1332 2362 1413 regis,
2405 1333 2924 1397 accommodans
2989 1332 3262 1396 eiisdem
3325 1354 3534 1415 equos
3593 1348 3662 1397 et
3737 1376 3750 1387 ·

602 1439 731 1490 ¹⁰¹⁶·
952 1475 1137 1519 arma
1168 1455 1527 1536 iuvansque
1569 1453 1657 1516 ad
1704 1452 1864 1516 dicti
1916 1446 2229 1540 R[ogeri]
2277 1453 2675 1527 evasionem,
2722 1453 2866 1537 ipso
2909 1475 3177 1538 quoque
3220 1454 3536 1539 episcopo
3575 1456 3664 1519 de

952 1577 1197 1643 talibus
1248 1586 1556 1641 accusato
1607 1574 1877 1639 nolente
1927 1575 2341 1657 respondere,
2387 1575 2610 1639 omnia
2661 1575 3054 1658 temporalia
3109 1576 3314 1660 ipsius
3366 1577 3662 1659 episcopi

951 1700 1088 1763 sive
1128 1697 1485 1782 proditoris
1528 1696 1922 1761 auctoritate
1967 1696 2146 1777 regia
2192 1694 2647 1760 confiscantur.
2743 1696 2943 1762 Unde
2980 1696 3388 1761 inexorabile
3431 1698 3660 1762 odium

950 1831 1179 1884 contra
1230 1838 1453 1903 regem
1502 1827 1570 1883 et
1623 1817 1763 1881 eius
1813 1817 2063 1881 amicos
2113 1817 2487 1901 concipiens
2548 1815 2776 1882 Adam
2835 1819 3188 1901 predictus,
3239 1820 3338 1883 vir
3398 1820 3664 1899 ingenio

606 1951 692 2002 He
713 1954 827 2003 stin
954 1941 1237 2007 naturali
1289 1939 1792 2011 calludissimus,
1844 1949 1912 2002 et
1960 1938 2313 2021 prudencie
2361 1939 2696 2003 mundane
2746 1940 3080 2004 maximus
3126 1952 3459 2023 expertor,
3505 1942 3663 2005 faci·

603 2018 797 2157 zum
819 2082 903 2134 the
950 2082 1315 2145 notumque
1372 2061 1729 2125 arduorum
1785 2057 2141 2135 sactuosuS‚
2187 2059 2272 2123 ad
2329 2056 2538 2142 regis²
2582 2061 3134 2141 degradacionem
3180 2072 3248 2126 et
3296 2061 3660 2127 multorum

601 2150 899 2266 {effla
951 2183 1272 2248 nobilium
1324 2181 1851 2247 exinanicionem
1909 2181 2243 2244 iracundie
2293 2192 2618 2264 concepte
2671 2202 2992 2246 venenum
3056 2184 3434 2267 propinavit
3493 2185 3664 2249 serie

950 2306 1294 2370 narranda.
1408 2302 1663 2367 Contra
1727 2301 2004 2367 comites
2066 2299 2399 2367 Wintonie
2471 2312 2538 2367 et
2615 2300 3027 2368 Gloueestrie
3105 2298 3530 2391 ll[ugonem]
3592 2318 3662 2371 et

606 2435 811 2488 κονίη]
836 2437 895 2487 os
958 2414 1385 2510 ll[ugonem]
1450 2438 1793 2503 procerum
1859 2416 2038 2500 regni
2109 2418 2336 2481 odium
2413 2420 2778 2503 antiquum,
2856 2433 3002 2504 post
3083 2422 3251 2502 regis
3311 2421 3660 2486 victoriam

603 2505 869 2618 35¹1th
952 2545 1129 2629 apud
1194 2542 1658 2622 Borowbrigge
1716 2539 2093 2623 aliqualiter
2150 2539 2523 2623 mitigatum
2578 2554 2691 2606 aut
2750 2543 2999 2607 cercius
3059 2543 3296 2607 timore
3357 2547 3662 2628 potencie

605 2651 820 2700 pen-en.
955 2666 1193 2750 regalis
1251 2663 1676 2740 occultatum,
1738 2683 1937 2726 causa
2018 2660 2296 2726 clariore
2355 2683 2556 2745 quam
2619 2664 2828 2728 suerat
2889 2663 3238 2747 antiquum
3301 2665 3468 2729 vires
3529 2687 3660 2730 non

952 2798 1246 2854 erectum
1280 2798 1377 2850 set
1413 2806 1644 2868 repens
1678 2783 2051 2866 resumpsit.
2145 2782 2378 2847 Multis
2412 2805 2652 2868 nempe
2684 2785 3016 2849 nobilibus
3049 2785 3172 2849 sub
3201 2787 3448 2850 comite
3481 2786 3660 2851 Lan-

950 2910 1188 2977 castrie
1207 2919 1434 2974 contra
1459 2926 1677 2988 regem
1697 2905 1968 2969 armatis
1988 2906 2297 2989 pepercit,
2315 2916 2383 2969 ut
2399 2907 2650 2971 dictum
2672 2917 2792 2984 est,
2817 2907 2996 2988 regia
3021 2905 3398 2980 clemencia,
3419 2911 3662 2990 quibus

952 3032 1226 3096 comites
1271 3027 1526 3112 prefati,
1564 3027 1857 3091 animum
1908 3026 2123 3107 regis³
2168 3027 2354 3109 quasi
2403 3025 2793 3091 fascinatum
2839 3028 2926 3092 ad
2976 3027 3232 3092 libitum
3280 3041 3662 3100 tractantes.

954 3152 1314 3218 intulerunt
1362 3163 1637 3213 mortem
1686 3148 1770 3211 de
1821 3147 2073 3218 merito,
2117 3168 2318 3230 quam
2370 3166 2498 3211 non
2546 3147 2668 3211 nisi
2715 3167 2835 3232 per
2875 3149 3166 3230 graciam
3215 3151 3660 3232 predictorum

950 3275 1271 3340 comitum
1354 3263 1727 3359 }l[ugonis]
1789 3278 1856 3332 et
1919 3263 2290 3355 H[ugonis]
2354 3269 2632 3333 evadere
2690 3289 2760 3332 se
2829 3289 3023 3351 posse
3086 3288 3218 3333 non
3289 3271 3659 3353 putabant;

952 3397 1127 3460 unde
1204 3393 1391 3459 multi
1474 3393 1747 3455 istorum
1818 3391 2110 3454 diversas
2191 3391 2514 3453 manerias
2589 3387 3058 3473 pulcherrimas
3138 3391 3222 3454 de
3297 3411 3415 3454 sua
3475 3391 3660 3456 here-

950 3519 1162 3582 ditate
1208 3537 1326 3600 pro
1372 3513 1722 3578 securitate
1752 3512 1883 3575 vite
1930 3512 2250 3594 promissa
2299 3512 2608 3595 predictis
2655 3510 3007 3574 comitibus
3055 3531 3212 3593 sepe
3245 3513 3661 3578 nominandis

952 3661 1085 3704 non
1147 3639 1385 3704 hilares
1445 3636 1711 3701 datores
1778 3645 1877 3698 set
1947 3653 2033 3696 ex
2102 3634 2374 3697 tristicia
2448 3645 2514 3698 et
2583 3652 2668 3696 ex
2750 3635 3142 3697 necessitate
3201 3635 3659 3698 vendiderunt.

954 3761 1252 3826 Comites
1316 3759 1513 3842 igitur
1593 3747 2015 3843 ll[ugonem]
2077 3763 2146 3817 et
2215 3748 2638 3840 lll'ugonem]
2708 3751 2998 3817 fecerunt
3058 3755 3312 3817 cunctis
3370 3756 3660 3830 odiosos,

954 3904 1085 3946 non
1146 3880 1361 3946 solum
1425 3879 1582 3962 quia
1639 3877 1871 3942 ceteris
1933 3875 2242 3940 omnibus
2302 3896 2341 3939 a
2409 3897 2559 3956 rege
2607 3875 2752 3959 plus
2811 3875 3227 3948 amabantur,
3303 3888 3402 3941 set
3482 3879 3660 3960 quia,

954 3999 1291 4084 spiritibus
1344 3994 1648 4079 superbie
1696 4005 1761 4057 et
1811 3992 2200 4056 ambicionis
2258 3992 2512 4074 agitati,
2575 3991 2816 4054 milites
2867 4011 3224 4072 generosos
3285 4011 3402 4075 per
3459 4013 3658 4058 exac-

953 4123 1208 4184 cionem
1281 4115 1563 4182 crudelis
1626 4112 2101 4197 redempcionis
2160 4112 2721 4196 depauperabant,
2782 4124 2846 4175 ct
2909 4131 3138 4174 corum
3203 4111 3372 4174 lilios
3431 4116 3658 4196 predia

1353 4252 1367 4284 ³
1408 4251 1663 4306 tirannic.
1706 4250 1769 4304 B.
2124 4247 2144 4284 ¹
2183 4267 2382 4316 regem.
2431 4250 2490 4303 n.
2847 4245 2866 4272 ⁸
2905 4264 3152 4314 regnum.
3199 4249 3262 4302 Β.
