4154 4895
1256 293 1368 348 LE
1411 293 1705 348 BAKER
1747 293 1869 347 DE
1911 291 2537 347 SWYNEBROKE.
3177 283 3254 344 61

558 493 747 577 quasi
793 492 931 578 regi
994 494 1418 570 Francorum,
1465 474 1587 577 pro
1634 512 1798 576 pace
1841 503 1908 556 et
1962 489 2240 575 pacifica
2286 489 2698 574 possessione
2741 488 3150 573 Aquitannie
3197 502 3264 554 et
3306 499 3616 547 Annaeo.

559 614 842 680 aliorum
887 614 1244 680 feodalium
1288 635 1417 697 que
1461 625 1901 679 antecessores
1944 614 2044 677 sui
2093 614 2524 696 possederunt
2569 621 2637 676 et
2683 610 2823 695 ipse
2868 613 3137 678 deberet
3183 612 3268 676 de

561 737 701 801 iure
745 737 1100 820 possidere,
1151 735 1310 800 item
1347 757 1469 819 pro
1518 734 1901 799 dimissione
1941 754 2173 798 manus
2218 733 2651 798 auxiliatricis
2700 734 2870 817 regis
2917 732 3192 798 Francie
3227 754 3269 797 a

563 856 783 922 Scotis
800 858 934 922 suis
956 856 1655 939 rebellibus—optulit,
1687 856 1975 937 inquam,
2007 875 2130 938 pro
2161 854 2287 918 hiis
2318 874 2647 918 summam
2681 852 3126 937 pecuniarum¹
3151 875 3270 937 per

563 978 743 1062 ipsos
774 978 1032 1043 racione
1052 977 1267 1042 media
1289 977 1675 1053 taxandam,
1699 986 1813 1040 aut
1835 976 2254 1057 maritagium
2287 974 2401 1038 filii
2434 976 2531 1038 sui
2553 975 2993 1059 primogeniti,
3024 986 3090 1039 et
3121 995 3267 1058 pre-
3308 992 3454 1057 They

564 1111 665 1164 ter
693 1099 814 1163 hec
846 1098 1357 1182 resignacionem
1389 1097 1543 1161 iuris
1588 1098 1769 1178 quod
1800 1095 2033 1160 habuit
2064 1097 2151 1160 ad
2183 1116 2495 1160 coronam
2538 1096 2719 1179 regni
2764 1096 2820 1158 F
2823 1096 3039 1160 rancie
3070 1106 3269 1179 atque
3307 1058 3583 1184 ssffifm

564 1220 945 1283 comitivam
976 1239 1164 1284 suam
1189 1228 1420 1283 contra
1445 1214 1863 1282 Sarazen0s2.
1941 1214 2113 1280 Cum
2148 1216 2273 1281 ista
2294 1217 2716 1300 responsione
2735 1216 2848 1281 leti
2871 1226 3270 1281 recesserunt
3308 1190 3522 1321 ’ἔξω

566 1339 948 1416 cardinales,
993 1340 1375 1404 estimantes
1419 1358 1724 1422 guerram
1771 1337 1902 1402 iam
1942 1336 2153 1416 finiri3
2198 1348 2264 1402 et
2305 1338 2370 1401 in
2414 1337 2581 1402 festo
2612 1338 2926 1421 proximo
2958 1337 3272 1401 Transla-
3311 1337 3514 1386 envoys.

565 1460 774 1527 cionis
804 1459 1013 1525 sancti
1049 1459 1385 1524 Benedicti
1419 1458 1689 1542 ingressi
1734 1478 1931 1535 mare,
1964 1477 2188 1522 secum
2234 1458 2605 1522 habuerunt
2654 1458 3020 1522 Iohannem
3065 1458 3276 1522 archi-

567 1580 951 1664 episcopum
1019 1580 1556 1645 Cantuariensem
1623 1587 1690 1643 et
1756 1573 2182 1665 R[icardum]
2262 1578 2773 1643 Dunelmensem
2817 1590 2885 1643 et
2932 1579 3275 1643 dominum

570 1700 944 1767 Galfridum
977 1699 1211 1784 Sci-op,
1243 1698 1573 1777 militem³,
1605 1698 2099 1783 responsionem
2146 1698 2316 1782 regis
2351 1698 2732 1782 Anglorum
2777 1700 3037 1764 tiranno
3071 1700 3277 1763 Fran-

569 1842 798 1888 corum
830 1821 1163 1887 delaturos
1192 1832 1259 1885 et
1300 1821 1618 1885 habentes
1659 1820 2082 1884 autoritatem
2125 1820 2210 1884 de
2252 1839 2412 1903 pace
2456 1829 2757 1884 tractare.
2849 1819 2984 1885 Tot
3027 1831 3094 1884 et
3135 1831 3275 1886 tam
3317 1827 3427 1878 The
3448 1827 3573 1892 king

562 1941 1000 2008 racionabiles
1059 1940 1437 2006 oblaciones
1492 1960 1825 2022 nunquam
1876 1949 2230 2023 potuerunt
2280 1941 2576 2004 animum
2628 1940 2867 2004 tiranni
2918 1940 3278 2019 demollire,
3316 1895 3579 2010 {115ssoe

568 2062 876 2128 habentis
925 2062 1234 2128 fiduciam
1287 2050 1405 2144 per
1452 2061 1774 2125 auxilium
1824 2060 2179 2125 Scotorum
2231 2080 2451 2144 regem
2511 2063 2595 2125 de
2651 2082 2857 2145 regno
2909 2061 3155 2146 Anglie
3212 2075 3279 2128 et
3318 2027 3578 2076 ‘'mmm‘'

572 2183 869 2267 qualibet
897 2205 1016 2248 sua
1040 2182 1451 2267 possessione
1481 2192 1785 2266 potenter
1813 2182 2237 2246 exheredare.

744 2302 951 2368 Anno
984 2302 1252 2368 Christo
1284 2301 1834 2385 M.CCC.xxxviij.,
1864 2301 2119 2367 domini
2157 2323 2329 2385 pape
2361 2301 2720 2380 Benedicti,
2760 2301 2955 2369 huius
2994 2304 3279 2370 nominis

573 2423 708 2507 xij„
743 2444 917 2489 anno
957 2423 1136 2508 iiijw„
1177 2424 1546 2489 Edwardus
1591 2445 1708 2488 rex
1755 2422 2002 2507 Anglie
2046 2422 2535 2507 responsionem
2582 2425 2816 2489 tiranni
2861 2425 3282 2505 Francorum,

570 2546 688 2629 qui
709 2544 735 2583 ⁴
773 2545 1231 2611 condiciones⁵
1261 2567 1461 2629 supra
1492 2547 1804 2630 proximo
1835 2544 2050 2610 annali
2083 2545 2362 2629 scriptas
2397 2545 2522 2609 sibi
2554 2545 2815 2610 oblatas
2845 2556 3046 2631 atque
3075 2548 3280 2612 comi-

573 2665 780 2731 tivam
815 2665 914 2729 sui
960 2675 1188 2732 contra
1235 2664 1601 2731 Saracenos
1636 2666 1881 2749 sprevit
1897 2665 1942 2743 ⁰,
1988 2664 2282 2729 celeriter
2325 2665 2572 2749 recepit
2595 2663 2642 2743 ⁷,
2687 2678 3137 2750 conceptoque
3166 2688 3285 2751 per

566 2785 764 2870 signa
812 2786 1158 2852 manifesta
1204 2797 1271 2852 et
1322 2787 1712 2851 relacionem
1761 2807 1895 2850 non
1947 2787 2394 2869 deceptoriam
2443 2807 2709 2850 suorum
2765 2786 3054 2852 fidelium
3099 2791 3282 2871 quod

576 2907 868 2991 prefatus
912 2907 1206 2973 tirannus
1235 2908 1322 2972 ad
1360 2908 1876 2973 destruccionem
1918 2907 2183 2990 Anglie,
2215 2907 2444 2991 piratis
2488 2909 2845 2984 conductiS,
2889 2931 3074 2974 suam
3115 2910 3285 2974 mili-

577 3022 747 3089 ciam
779 3044 909 3088 non
943 3023 1158 3088 minus
1186 3024 1534 3101 ordinavit,
1564 3023 1775 3088 tucius
1812 3020 2172 3088 diiudicans
2218 3044 2336 3087 rex
2376 3023 2625 3107 Anglie
2662 3046 2783 3091 suo
2814 3027 3188 3091 adversario
3221 3027 3284 3090 in

581 3163 784 3226 regno
817 3143 1089 3208 Francie
1117 3146 1299 3227 quod
1330 3144 1701 3210 vendicavit
1742 3164 2077 3209 occurrere
2122 3144 2435 3221 animose,
2466 3164 2667 3226 quam
2719 3146 2933 3229 ipsum
2984 3147 3047 3210 in
3093 3147 3285 3230 Ang-
3327 3154 3539 3206 Edward

580 3262 737 3328 liam
783 3263 1131 3328 crudeliter
1165 3264 1522 3329 affuturum
1566 3265 1933 3330 vecorditer
1983 3275 2355 3348 expectare,
2402 3285 2582 3329 mare
2627 3276 3031 3330 armatorum
3077 3266 3288 3331 classe
3323 3221 3554 3336 {gb-un

581 3384 897 3463 transivit,
926 3405 1099 3449 anno
1129 3384 1309 3468 regni
1340 3384 1440 3449 sui
1479 3382 1728 3468 Anglie
1759 3384 1898 3467 xij„
1929 3385 1995 3449 in
2025 3387 2319 3469 quodam
2351 3385 2458 3449 die
2486 3384 2779 3464 VeneriS,
2808 3386 2920 3469 qui
2956 3397 3097 3452 erat
3126 3386 3285 3471 xvij.
3323 3353 3580 3481 anxi?

582 3504 900 3570 kalendas
921 3504 1232 3589 Augusti.
1324 3505 1535 3589 Igitur
1565 3528 1682 3571 rex
1714 3527 1865 3571 cum
1898 3507 2121 3591 regina
2151 3516 2509 3590 pregnante
2532 3517 2731 3590 atque
2753 3508 3009 3573 duabus
3030 3507 3288 3574 filiabus

582 3627 722 3690 eius
766 3625 831 3689 in
877 3625 1082 3690 classe
1117 3625 1620 3709 quingentarum
1680 3628 1943 3692 navium
1989 3626 2442 3711 applicuerunt
2500 3628 2676 3710 apud
2723 3627 3122 3712 Andewarp,
3173 3630 3287 3693 ubi

583 3767 734 3812 cum
766 3746 1013 3813 honore
1042 3756 1108 3811 et
1139 3767 1303 3830 pace
1336 3748 1581 3832 recepti
1626 3746 1994 3813 habuerunt
2039 3747 2305 3813 obviam
2353 3746 2797 3813 marchionem
2840 3749 3288 3827 Iuliacensem‚

584 3867 929 3932 dominum
976 3868 1407 3933 marcravium
1452 3880 1519 3934 et
1555 3871 1791 3935 ducem
1850 3868 2210 3935 Brabancie
2254 3880 2321 3933 et
2367 3868 2641 3932 comites
2692 3868 2945 3934 Gelrie⁸
2989 3882 3054 3935 et
3103 3871 3289 3935 Han·

660 4099 678 4132 ¹
714 4117 917 4155 summ.
929 4100 1158 4175 pecata]
1184 4119 1345 4159 suam
1371 4101 1683 4174 pecuniam.
1711 4106 1776 4158 B.
1884 4102 1906 4136 ²
1940 4110 2111 4175 atque
2135 4144 2148 4158 .
2175 4142 2189 4158 .
2216 4143 2230 4158 .
2258 4100 2599 4175 Sat-axenos]
2624 4124 2720 4158 om.
2749 4105 2813 4159 B.
2935 4102 2956 4136 ⁸
2993 4122 3099 4159 om.
3137 4107 3204 4160 B.

659 4186 685 4305 ζ
718 4189 1050 4259 spernentis.
1073 4193 1138 4247 C.
1232 4187 1256 4220 ⁸
1291 4191 1733 4248 conoediciones.
1763 4194 1826 4247 B.
1900 4190 1923 4222 ⁸
1957 4194 2288 4248 comitivam
2314 4232 2327 4246 .
2355 4230 2369 4246 .
2388 4231 2401 4245 .
2419 4191 2666 4265 sprevit]
2688 4210 2794 4248 om.
2835 4194 2896 4250 C.
2994 4188 3015 4217 ¹
3038 4192 3205 4266 cepit.
3225 4195 3291 4248 B.

719 4274 917 4333 Celrie.
944 4279 1011 4333 B.
