4154 4895
911 259 997 325 90
1806 248 2299 305 (Ἤκουσαν
2340 247 2752 304 GALFRJDJ

561 472 875 527 uano,
909 446 1181 519 obrutis,
1246 445 1463 511 adhuc
1518 445 1687 511 fosse
1752 445 2077 530 profunde
2137 446 2325 530 aquis
2386 447 2653 512 marinis
2712 447 2957 512 cotidie
3017 445 3331 512 inundate
3382 458 3614 512 contra

623 562 821 578 ““““““”
909 578 1127 633 totum
1174 568 1495 633 mundum
1544 579 1847 652 poterant
1891 567 2156 633 defendi
2199 588 2351 633 cum
2402 568 2736 633 facilitate.
2828 568 3302 634 Verumtamen
3345 568 3619 645 obsessi,

913 690 1219 754 timentes
1250 710 1365 774 per
1406 689 1742 755 machinas
1789 709 2012 754 muros
2054 709 2283 754 eorum
2331 709 2526 774 posse
2573 689 2720 767 ledi,
2749 701 2962 756 cratoe
3004 702 3071 755 et
3117 712 3343 755 saccos
3389 690 3622 775 plenos

914 812 1118 896 paleis
1164 823 1576 895 paraverunt,
1620 811 1859 893 quibus
1905 811 2072 876 ictus
2119 810 2416 895 lapidum
2463 832 2504 877 a
2550 812 2868 877 machinis
2910 812 3300 877 emissorum
3351 812 3620 877 ruissent

913 932 1165 1012 delusi3
1210 932 1486 998 scientes
1508 954 1622 997 eos
1656 932 1906 1015 lapides
1939 931 2269 996 remissius
2295 931 2509 996 ledere
2533 952 2703 1015 quos
2725 932 3059 998 obiectum
3095 933 3359 997 mollius
3390 932 3620 1017 recipit

914 1054 1259 1137 proiectos.
1352 1052 1533 1136 Ergo
1562 1053 1651 1117 ab
1682 1052 2029 1117 insultibus
2058 1063 2259 1136 atque
2291 1073 2627 1117 murorum
2670 1054 3099 1137 quassacione
3137 1075 3252 1118 rex
3285 1055 3625 1127 abstinuit,

912 1175 1213 1257 cogitans
1256 1175 1554 1240 consulte
1598 1175 1779 1257 quod
1827 1173 2051 1249 sames,
2095 1194 2225 1257 que
2278 1173 2528 1239 foribus
2571 1174 2811 1240 clausis
2857 1175 3238 1259 ingreditur,
3283 1190 3504 1261 posset
3551 1190 3618 1241 et

914 1297 1182 1361 deberet
1220 1296 1636 1360 obsessorum
1684 1295 2059 1379 superbiam
2093 1296 2386 1361 domare.
2471 1294 2591 1360 Ab
2627 1296 2818 1361 arido
2848 1298 2934 1361 ad
2976 1317 3158 1362 mare
3200 1297 3624 1381 profundum,

569 1440 800 1504 Auempe
825 1446 879 1487 to
915 1438 1005 1482 ex
1033 1438 1113 1483 ea
1144 1428 1331 1502 parte
1365 1437 1497 1500 qua
1532 1416 1953 1481 Bolonienses
1982 1416 2283 1482 solebant
2318 1414 2726 1482 Calesicnses
2755 1418 3153 1495 victualiare‚
3183 1439 3314 1483 non
3345 1419 3625 1485 navibus

568 1503 859 1623 322⁷*oe
919 1539 982 1603 in
1016 1539 1344 1623 profundo
1388 1540 1506 1603 eiis
1551 1538 1841 1622 proibito
1877 1548 1975 1602 set
2021 1558 2218 1622 super
2247 1558 2515 1604 arenam
2563 1539 2726 1603 mari
2771 1560 3072 1624 expanso
3101 1539 3626 1626 superficialiter.

919 1661 1195 1725 batellas
1227 1661 1549 1744 replentes
1578 1659 1989 1733 victualibus,
2013 1649 2273 1726 comes¹
2313 1658 2844 1744 Norhamptonie
2869 1660 3015 1726 fecit
3045 1662 3374 1745 paleatam
3399 1682 3625 1747 sepem

916 1802 1031 1847 seu
1077 1782 1384 1865 palicium
1433 1780 1892 1865 proibitorium
1940 1780 2318 1845 huiusmodi
2363 1780 2687 1846 scafarum
2736 1801 2817 1847 ne
2850 1783 3277 1861 accederent;
3328 1796 3396 1848 et
3443 1798 3628 1868 post·

921 1904 1194 1968 modum
1255 1903 1556 1967 amirallo
1618 1900 2020 1968 Francorum
2083 1901 2326 1966 volenti
2391 1921 2544 1968 cum
2605 1903 2869 1986 navigio
2933 1904 3268 1986 guerrario
3327 1902 3632 1987 Anglicis

920 2024 1197 2089 navibus
1256 2023 1583 2099 insultare,
1623 2033 1693 2087 ut
1750 2024 1970 2087 medio
2014 2033 2315 2106 tempore
2358 2023 2604 2108 scaphe
2647 2024 3058 2089 victuliarent
3111 2025 3450 2090 obsessam
3499 2024 3632 2091 Ca·

923 2145 1170 2218 lesiam‚
1214 2165 1436 2211 comcs
1484 2143 2011 2228 Norhamptonie
2054 2143 2291 2208 obvius
2337 2144 2551 2228 ipsum
2599 2157 2902 2229 potenter
2948 2145 3218 2229 fugavit.

572 2270 879 2322 ΔᾸΜΜΊ·
1094 2264 1347 2331 Taliter
1390 2286 1430 2329 a
1472 2263 1637 2329 sesto
1678 2264 2062 2329 Nativitatis
2106 2277 2332 2330 sancte
2375 2265 2585 2330 Marie
2627 2288 2744 2350 per
2778 2279 2989 2332 totam
3033 2287 3294 2349 yemem
3336 2280 3404 2333 et
3446 2288 3634 2351 mag·

572 2357 889 2486 ss‘z'ffiffj’ss
920 2406 1074 2452 nam
1108 2398 1365 2471 partem
1408 2386 1638 2451 estatis
1670 2396 2021 2469 sequentes
2055 2385 2402 2451 obsidione
2444 2385 2896 2462 invalescente.
2935 2389 3045 2454 die
3089 2386 3276 2453 Lune
3322 2388 3632 2472 proxima

574 2492 840 2614 {annam
920 2521 1075 2574 ante
1108 2507 1343 2572 festum
1374 2508 1581 2573 sancti
1624 2507 1846 2572 Iacobi
1888 2507 2184 2573 tirannus
2227 2507 2629 2574 Francorum
2669 2510 2932 2575 advenit
2964 2521 3251 2575 castrum
3283 2510 3368 2574 de
3404 2509 3634 2594 Gynoe

922 2651 1077 2696 cum
1128 2628 1421 2695 Iohanne
1465 2649 1587 2694 suo
1633 2629 2077 2712 primogenito
2122 2643 2188 2695 et
2236 2628 2372 2693 filio
2416 2632 2587 2712 regis
2637 2629 2923 2708 Boemie,
2956 2645 3188 2715 postca
3236 2632 3634 2717 imperatore

930 2752 1407 2824 Romanorum,
1454 2751 1845 2834 promittens
1896 2771 2047 2816 cum
2106 2751 2472 2815 iuramento
2523 2753 2705 2834 quod
2759 2752 3170 2817 obsidionem
3225 2773 3458 2836 guerra
3513 2773 3632 2818 ocu

927 2891 1089 2955 pace
1133 2884 1493 2946 amoveret,
1523 2881 1655 2946 aut,
1702 2870 2003 2954 Anglicis
2050 2871 2284 2946 invitis,
2329 2871 2635 2937 obsessos
2665 2872 3092 2938 victualiaret.
3165 2872 3468 2938 Tandem
3514 2893 3636 2958 ap-

576 2993 801 3109 &aab
928 2992 1258 3075 propiavit
1294 3011 1445 3057 cum
1481 2991 1775 3057 exercitu
1816 2992 1931 3055 vix
1970 3011 2087 3075 per
2132 3011 2333 3055 unum
2379 2991 2630 3056 miliare
2669 2993 2922 3057 distans
2965 3014 3007 3058 a
3045 2994 3352 3077 potencia
3396 2991 3638 3077 Angli·

577 3127 768 3174 calm
927 3133 1175 3184 corum,
1219 3123 1305 3188 et,
1352 3113 1564 3197 petito
1609 3132 1725 3196 per
1770 3112 2043 3177 nuncios
2087 3123 2372 3177 tractatu
2419 3114 2617 3198 pacis,
2660 3115 2878 3179 emisit
2932 3115 3169 3179 ducem
3225 3114 3516 3180 Datcnes
3567 3129 3636 3180 et

928 3236 1241 3301 comitem
1286 3235 1373 3300 de
1420 3233 1728 3299 Burbone
1773 3246 1840 3299 ct
1902 3232 2333 3316 Darmynak;
2402 3235 2534 3317 qui,
2578 3254 2726 3300 cum
2772 3236 2938 3300 duce
2985 3234 3370 3301 Lancastrie
3414 3247 3481 3300 et
3526 3257 3638 3302 eo·

930 3357 1200 3422 mitibus
1246 3355 1775 3440 Norbamptonie
1817 3367 1885 3419 et
1934 3353 2440 3420 Huntinkdonie
2485 3358 2570 3422 de
2614 3358 2860 3440 treugis
2904 3369 3276 3428 tractantes,
3329 3377 3461 3420 non
3515 3377 3638 3442 po-

582 3491 820 3568 rtumn-
929 3488 1192 3542 tuerunt
1224 3498 1565 3543 assensum
1596 3476 2031 3561 Anglicorum
2065 3478 2382 3559 optinere.
2453 3476 2672 3552 Unde,
2704 3491 2854 3562 post
2897 3479 3226 3560 guerraria
3261 3477 3638 3552 hastiludia,

578 3571 793 3674 50⁸3*
930 3611 1151 3682 partes
1212 3610 1486 3682 utreque
1554 3598 1640 3663 ad
1712 3619 1831 3662 sua
1903 3598 2188 3662 tentoria
2258 3611 2408 3662 sunt
2472 3619 2741 3663 reverse.
2853 3598 2980 3663 Die
3045 3599 3328 3664 secunda
3393 3599 3636 3682 optulit

580 3733 780 3794 signal·
928 3721 1223 3784 tirannus
1281 3720 1459 3784 diem
1521 3719 1863 3802 preliandi,
1911 3738 2108 3803 quem
2167 3739 2282 3783 rex
2337 3717 2586 3802 Anglie
2639 3719 2916 3784 libenter
2966 3720 3274 3802 suscepit.
3364 3719 3636 3784 Obsessi

579 3803 853 3915 ffussffff
931 3841 1175 3906 interea
1220 3861 1335 3926 per
1378 3842 1565 3924 signa
1611 3859 1801 3905 suum
1846 3853 2094 3904 statum
2133 3841 2392 3904 tiranno
2433 3839 2834 3906 Francorum
2875 3840 3160 3906 fecerunt
3200 3839 3640 3914 manifestum.

582 3931 823 3994 mq‘d'
930 3961 995 4027 in
1040 3961 1257 4046 primo
1302 3983 1541 4047 nempe
1590 3961 1874 4026 adventu
1930 3961 2165 4026 tiranni
2217 3975 2566 4026 erexerunt
2612 3962 2752 4026 eius
2795 3960 3112 4026 vexillum
3165 3981 3362 4045 asper
3407 3961 3640 4026 turrim

930 4081 1361 4168 principalem
1410 4083 1626 4160 castri,
1674 4084 1834 4147 alias
1882 4103 2148 4166 quoque
2200 4097 2410 4148 turres
2461 4084 2724 4150 vexillis
2775 4084 3018 4149 ducum
3069 4095 3134 4148 et
3188 4081 3506 4148 comitum
3552 4083 3642 4148 de

2167 4221 2182 4252 ¹
2221 4239 2328 4276 om,
2371 4221 2433 4276 Β.
