4154 4895
1226 279 1340 334 LE
1381 278 1672 333 BAKER
1715 277 1835 332 DE
1876 278 2496 335 SWYNEBROKE.
3095 284 3208 352 117

505 474 911 557 associatus¹,
935 476 1168 543 didicit
1190 477 1277 542 ab
1301 477 1413 541 illa
1432 476 1544 541 ubi
1567 487 1749 541 trans
1775 476 2018 541 fossam
2046 476 2477 561 principalem
2501 499 2543 541 a
2567 476 2772 542 fundo
2804 476 2975 541 fosse
3000 476 3212 542 fuerat
3248 458 3562 544 Amana.

508 620 732 663 murus
757 598 1128 677 fabricatus,
1151 598 1514 665 latitudinis
1538 602 1819 665 duorum
1846 599 2111 681 pedum,
2133 609 2476 682 protensus
2499 600 2585 663 ab
2604 619 2845 682 aggere
2869 600 2953 664 ad
2979 619 3165 663 oram
3185 595 3212 635 ²

509 720 680 785 fosse
711 719 1104 794 interiorem,
1137 721 1229 784 ita
1260 722 1528 803 quidem
1560 720 1748 803 aquis
1778 729 2048 803 opertus
2071 721 2252 802 quod
2277 739 2409 783 non
2428 720 2792 798 videbatur,
2823 730 2923 785 set
2954 740 3085 785 non
3121 720 3216 785 ita

507 842 882 906 submersus
912 841 1072 923 quin
1102 842 1351 906 vadens
1386 864 1504 927 per
1535 842 1719 905 illum
1749 841 1868 903 vix
1892 841 2124 924 genuis
2148 841 2555 924 contingeret
2580 862 2749 924 aque
2784 840 3215 925 superficiem,

511 962 720 1027 sactus
764 964 1101 1044 quondam
1146 963 1233 1027 ad
1285 983 1556 1046 operam
1618 964 2038 1047 piscatorum,
2085 971 2153 1025 et
2208 962 2358 1026 ideo
2411 963 2476 1025 in
2525 963 2745 1028 medio
2788 965 2874 1027 ad
2919 963 3214 1048 spacium

509 1084 794 1148 duorum
816 1084 1061 1167 pedum
1080 1083 1624 1149 discontinuatus.
1699 1083 1948 1148 Adhuc
1974 1082 2085 1147 illa
2106 1082 2255 1147 seda
2276 1084 2613 1167 prodente,
2646 1084 2913 1149 metitus
2935 1095 3033 1149 est
3062 1104 3214 1150 cum

510 1203 625 1268 filo
648 1202 1064 1268 altitudinem
1091 1205 1429 1269 muralem.
1522 1204 1676 1269 Istis
1700 1203 2000 1288 cognitis,
2034 1225 2163 1268 una
2193 1204 2447 1268 dierum
2472 1206 2557 1269 de
2577 1225 2764 1270 muro
2796 1205 3035 1289 lapsu5‚
3069 1206 3218 1271 Deo

512 1325 921 1400 commissus,
959 1345 1076 1410 per
1115 1326 1446 1391 occultum
1496 1346 1756 1390 murum
1803 1324 2134 1410 prefatum
2180 1326 2438 1390 transiit
2485 1326 2748 1402 fossam,
2778 1337 2863 1405 et,
2894 1348 3100 1409 usque
3129 1328 3217 1392 ad

511 1466 857 1531 vesperum
891 1446 1103 1511 latens
1145 1446 1210 1510 in
1252 1468 1567 1525 maresco,
1611 1448 1696 1511 de
1740 1457 1933 1513 nocte
1967 1447 2148 1511 venit
2193 1468 2400 1531 prope
2448 1446 2794 1527 Calesiam,
2836 1449 2948 1513 ubi
2979 1470 3220 1533 expec-

514 1578 663 1633 tans
693 1567 941 1633 clarum
974 1568 1150 1632 diem
1184 1577 1339 1634 tunc
1362 1565 1387 1605 ¹
1421 1568 1733 1647 introivit,
1763 1568 1925 1633 alias
1959 1568 2229 1632 minime
2270 1569 2699 1654 recipiendus.
2793 1570 2928 1636 Hic
2957 1570 3222 1669 edocuit

513 1689 746 1755 avidos
777 1689 977 1772 prede
1004 1698 1070 1753 et
1109 1688 1366 1754 furandi
1399 1690 1594 1755 castri
1613 1686 1638 1726 ¹
1670 1689 1908 1774 prefati
1945 1711 2081 1773 quo
2112 1690 2437 1773 ingressus
2473 1700 2729 1776 pateret
2761 1692 2906 1756 illis.
2999 1692 3224 1758 Factis

513 1810 714 1893 igitur
763 1809 955 1874 scalis
1005 1812 1091 1875 ad
1148 1830 1516 1875 mensuram
1569 1831 1687 1895 per
1738 1810 1922 1875 illum
1974 1821 2303 1891 taxatam,
2362 1812 2636 1896 triginta
2679 1813 2802 1877 viri
2847 1814 3227 1897 conspirati,

513 1930 715 1996 armis
750 1930 953 2014 nigris
992 1931 1241 2014 absque
1280 1932 1629 2016 splendore
1669 1932 1981 2016 cooperti,
2012 1934 2097 1998 de
2126 1943 2319 1999 nocte
2354 1943 2661 2013 castrum,
2703 1937 2872 2000 duce
2914 1936 3225 2014 Iohanne,

513 2052 878 2129 adiverunt,
907 2062 1126 2135 atque,
1157 2073 1415 2118 murum
1447 2052 1639 2119 scalis
1669 2054 2023 2132 conscensi,
2054 2053 2536 2139 speculatorem
2563 2078 2604 2121 a
2634 2077 2788 2123 casu
2812 2057 2930 2122 eiis
2952 2057 3222 2123 obvium

514 2173 936 2257 incipientem
1016 2173 1391 2239 exclamare
1469 2175 1967 2241 excerebratum
2054 2176 2523 2261 precipitarent
2610 2177 2676 2241 in
2759 2178 3155 2262 profundum
3178 2178 3224 2244 ³.

515 2294 781 2359 Deinde
833 2294 898 2359 in
946 2294 1095 2358 aula
1149 2295 1393 2360 multos
1441 2296 1738 2375 inermes,
1775 2298 1862 2361 ad
1917 2297 2123 2361 instar
2168 2297 2389 2362 ovium
2439 2298 2503 2361 in
2535 2299 2872 2382 presencia
2917 2299 3222 2383 luporum

517 2415 856 2493 attonitOS,
913 2415 1321 2481 trucidarunt
1384 2417 1698 2496 inventOS,
1757 2428 1873 2483 aut
1939 2418 2025 2483 ad
2086 2418 2504 2484 scakkarium
2556 2429 2674 2484 aut
2732 2420 2818 2485 ad
2870 2420 3226 2487 hasardum

517 2536 967 2603 conludenteS.
1058 2536 1320 2602 Deinde
1369 2547 1596 2603 contra
1649 2539 1955 2603 dominas
2014 2548 2081 2603 et
2136 2541 2462 2623 quosdam
2525 2541 2766 2606 milites
2826 2542 3228 2607 dormientes

516 2678 814 2724 cameras
841 2668 907 2722 et
937 2667 1146 2722 turres
1177 2657 1451 2724 faciliter
1483 2660 1774 2743 ingressi,
1818 2659 1972 2725 sacti
2014 2670 2168 2725 sunt
2214 2660 2511 2744 magistri
2552 2662 2848 2726 omnium
2879 2683 3008 2746 que
3047 2663 3226 2730 vole-

519 2781 701 2846 bant.
795 2778 1071 2844 Inclusis
1122 2781 1393 2845 tandem
1443 2781 1751 2845 omnibus
1803 2782 2017 2865 captis
2072 2782 2137 2845 in
2191 2802 2320 2846 una
2372 2802 2633 2847 camera
2693 2782 2974 2862 forciori,
3027 2785 3227 2850 armis

517 2900 824 2966 omnibus
854 2899 1174 2984 spoliatiS,
1201 2900 1524 2984 Anglicos
1555 2902 1989 2967 incarceratos
2030 2902 2118 2966 ab
2153 2923 2327 2967 anno
2358 2903 2557 2987 priori
2600 2903 2929 2979 liberatos,
2974 2906 3229 2972 cibatos

518 3031 588 3086 et
615 3031 922 3100 armatos,
950 3021 1085 3086 suis
1115 3023 1449 3104 quondam
1485 3023 1816 3106 magistris
1835 3023 2259 3108 prefecerunt,
2283 3032 2348 3087 et
2379 3023 2470 3089 sic
2490 3025 2758 3088 demum
2779 3046 3008 3090 omnes
3031 3028 3227 3092 castri

524 3141 927 3208 municiones
970 3153 1355 3226 ocuparunt,
1403 3143 1857 3228 ignorantibus
1902 3144 2046 3219 illis,
2076 3145 2190 3228 qui
2225 3144 2288 3207 in
2328 3144 2487 3209 villa
2530 3144 3005 3211 reedificacioni
3050 3148 3228 3213 diru-

521 3273 741 3329 torum
772 3271 957 3328 erant
987 3262 1457 3347 prefecti,'quid
1477 3265 1847 3330 castellanis
1865 3265 2307 3350 contingebat.
2378 3265 2455 3328 In
2487 3265 2771 3331 crastino
2801 3280 3229 3352 preceperunt

520 3383 951 3468 operantibus
981 3383 1046 3447 in
1075 3383 1233 3450 villa
1273 3385 1360 3449 ab
1402 3406 1603 3469 opere
1647 3406 1918 3463 cessare,
1955 3386 2090 3468 qui,
2137 3406 2253 3469 per
2297 3386 2424 3450 hoc
2468 3394 2630 3450 nota
2673 3387 2868 3451 castri
2899 3389 3229 3471 capcione,

521 3505 815 3571 celeriter
861 3504 1200 3587 sugerunt3
1262 3516 1329 3571 et
1381 3506 1532 3572 novi
1581 3507 1917 3572 castellani
1965 3507 2270 3572 dominas
2322 3507 2618 3571 inventas
2670 3519 3001 3590 equestres
3048 3510 3230 3575 abire

523 3626 975 3712 permiserunt,
1019 3646 1170 3691 cum
1216 3647 1437 3691 earum
1486 3627 1666 3694 robis
1687 3625 1716 3666 ⁴
1761 3637 1828 3694 et
1873 3628 2069 3694 cartis
2118 3639 2318 3711 atque
2356 3627 2777 3694 munimentis
2820 3628 3060 3712 quibus
3109 3653 3231 3698 sua

526 3746 810 3812 feodalia
839 3757 1060 3812 tenere
1089 3747 1422 3813 deberent.

701 3867 962 3933 Eodem
993 3868 1102 3933 die
1132 3880 1645 3953 supervenerunt
1674 3870 1794 3936 eiis
1824 3870 1889 3935 in
1920 3870 2244 3936 auxilium
2277 3870 2549 3954 quidam
2584 3869 2841 3936 invitati
2873 3893 2913 3936 a
2953 3871 3232 3953 Calesia,

524 3988 761 4073 quibus
791 3987 1069 4054 fideliter
1105 3989 1617 4075 astipulantibus
1661 4002 1947 4059 castrum
1992 4013 2216 4058 secure
2259 3999 2651 4070 tenuerunt3
2697 4002 2763 4057 et
2795 3992 2964 4057 circa
2997 3993 3229 4059 horam

526 4111 793 4176 terciam
825 4121 1139 4176 venerunt
1172 4110 1353 4177 missi
1385 4134 1426 4177 a
1456 4114 1700 4193 comite
1723 4114 1807 4180 de
1838 4112 2064 4197 Gynes
2089 4115 2224 4178 duo
2256 4113 2514 4192 milites,
2534 4112 2665 4195 qui,
2684 4113 2907 4197 petitis
2933 4113 3230 4195 induciis,

672 4256 691 4290 ¹
729 4275 837 4313 om.
865 4260 929 4315 C.
1242 4259 1264 4294 ²
1298 4261 1515 4320 horam.
1555 4265 1619 4318 B.
1648 4265 1711 4320 C.
1962 4260 1984 4294 ⁸
2018 4263 2085 4317 in
2105 4259 2293 4333 prem]
2321 4278 2428 4318 om.
2467 4263 2534 4316 B.
2782 4260 2803 4293 ¹
2837 4262 3055 4318 robure.
3095 4261 3158 4317 C.
