4154 4895
992 325 1017 371 1
1035 308 1072 369 8
1861 311 1911 369 C
1908 310 2230 369 HRONJC
2229 310 2351 369 ΟΝ
2405 311 2814 369 GALFRJDJ

635 524 950 577 *unu
986 525 1389 599 pensatores,
1419 533 1588 597 quos
1616 522 1966 578 execratur
2000 511 2163 596 ipsa,
2182 510 2494 578 videlicet
2526 511 2875 597 episcopus
2903 509 3452 577 Herefordensis?
3520 509 3696 577 Cum

684 658 723 705 r.
748 653 893 706 ιον.
986 635 1117 701 isto
1146 634 1437 701 deflebat
1478 655 1667 700 casus
1704 654 2104 709 communes
2134 643 2201 698 et
2231 632 2397 697 alias
2441 634 2696 718 rupturi
2736 634 2951 698 cordis
2990 634 3320 717 cogitatus
3348 634 3698 719 expressit.

633 737 911 869 {¹⁸32}de
984 755 1300 823 Tacentis
1345 756 1561 820 forsan
1607 754 1979 839 aliquando,
2024 753 2174 838 plus
2227 753 2397 819 fesse
2439 754 2726 819 lacrimis
2770 775 2971 837 quam
3015 755 3318 839 querelis,
3361 775 3494 819 non
3549 775 3700 839 per-

635 868 781 983 {Jgho
865 932 922 983 οἱ
987 877 1194 943 mittit
1249 896 1368 943 nec
1419 875 1530 942 ille
1573 876 1827 943 calidus
1877 872 2214 958 querelam
2266 874 2470 948 finiri3
2532 885 2634 939 set
2686 874 2919 940 falsam
2978 875 3508 960 compassionem
3575 894 3701 959 pro

633 998 775 1113 ΕΤ
794 1000 884 1049 0¹¹¹
984 1004 1180 1065 cau‘sa
1226 1018 1344 1063 sua
1376 997 1561 1070 veris,
1594 1008 1695 1061 set
1742 1017 1863 1081 pro
1911 995 2159 1059 iniuriis
2205 996 2429 1078 regine
2474 995 2662 1071 fictis,
2693 996 2987 1080 suspiriis
3033 1006 3100 1061 et
3143 995 3470 1061 nonnullis
3506 995 3697 1060 lacri-

636 1128 865 1179 uneoln.
988 1120 1115 1184 mis
1173 1129 1571 1191 contestans,
1621 1137 1750 1181 non
1797 1116 2019 1180 lenivit
2066 1126 2168 1181 set
2212 1117 2405 1182 auxit
2451 1117 2983 1199 indignacionem
3029 1138 3162 1201 qua
3212 1118 3405 1184 tursit
3447 1117 3699 1199 virago.

984 1238 1307 1304 Conscius
1365 1250 1766 1304 secretorum
1834 1250 2262 1319 utrorumque
2323 1235 2534 1302 fuerat
2604 1236 3084 1302 Lincolniensis
3142 1238 3509 1322 episcopus,
3561 1237 3700 1319 qui,

982 1361 1195 1425 sciens
1224 1380 1356 1443 qua
1387 1380 1587 1424 cavea
1618 1357 1853 1442 wlpem
1890 1358 2220 1441 reperiret.
2254 1357 2478 1439 regine
2509 1357 2846 1423 blanditur
2867 1358 2913 1437 ¹,
2944 1357 3231 1423 sofistice
3253 1358 3699 1442 compatitur;

980 1494 1069 1557 et,
1103 1482 1247 1565 ipso
1279 1480 1753 1557 consenciente,
1792 1499 2034 1544 novam
2065 1478 2324 1563 brigam
2359 1480 2738 1544 intestinam
2774 1476 3192 1565 ingeniatur⁸
3233 1477 3450 1563 presul
3483 1478 3699 1543 Here·

983 1601 1325 1679 fordensis,
1364 1620 1663 1666 asserens
1705 1600 1928 1683 regine
1965 1600 2142 1664 votis
2186 1597 2481 1683 quelibet
2524 1600 2748 1664 votiva
2779 1620 3171 1675 successura,
3211 1601 3264 1663 si
3311 1599 3373 1663 in
3421 1598 3698 1663 Francia

981 1722 1248 1787 fratrem
1295 1723 1568 1788 visitans
1611 1732 1678 1786 et
1727 1731 2033 1805 patruum
2088 1741 2317 1785 eorum
2366 1720 2689 1786 auxilium
2742 1732 2972 1787 contra
3021 1722 3527 1805 Dispensatores
3573 1720 3696 1783 im·

980 1843 1289 1927 ploraret.
1382 1842 1708 1907 Effectivo
1751 1840 2031 1906 consilio
2073 1841 2305 1906 votivo
2357 1850 2424 1906 et
2480 1840 2628 1905 finis
2681 1863 2881 1926 quam
2928 1840 3193 1907 volebat
3247 1841 3698 1905 indubitanter

978 1964 1226 2029 efficaci
1272 1963 1700 2047 applaudens,
1734 1962 1959 2045 regina
2004 1960 2287 2044 quesivit
2331 1963 2745 2027 occasionem
2789 1962 3273 2028 transfretandi.
3365 1960 3528 2026 Erat
3567 1960 3696 2023 illis

978 2083 1230 2157 diebus,
1270 2097 1342 2149 ut
1387 2093 1637 2148 tactum
1683 2093 1802 2155 est,
1847 2082 2184 2147 sentencia
2229 2082 2400 2147 inter
2444 2103 2628 2165 reges
2675 2082 2922 2165 Anglie
2964 2093 3031 2149 et
3063 2082 3355 2147 ‘Francie
3399 2083 3486 2146 de
3531 2101 3697 2165 pace

981 2206 1345 2279 tractanda,
1397 2203 1582 2269 cuius
1641 2202 1993 2285 legacionis
2055 2202 2364 2267 nuncium
2425 2212 2915 2287 competentem
2970 2214 3307 2288 oporteret
3367 2203 3693 2267 ordinare.

628 2339 743 2390 The
767 2339 887 2390 De·-
992 2324 1159 2407 Regi
1193 2323 1437 2389 volenti
1481 2344 1602 2408 pro
1638 2336 1827 2389 tanto
1868 2324 2145 2405 negocio
2186 2322 2644 2389 transfretasse
2683 2325 3152 2389 dissuadebant
3194 2324 3470 2388 comites
3504 2321 3692 2386 win-

630 2421 863 2521 me
986 2446 1166 2510 tonie
1211 2457 1278 2510 et
1325 2444 1752 2518 Gloucestrie,
1791 2444 2104 2509 timentes
2151 2465 2250 2518 nc,
2295 2445 2394 2509 sui
2440 2446 2872 2510 contubernio
2916 2446 3174 2531 privati.
3221 2445 3576 2511 inciderent
3625 2444 3692 2508 in

631 2602 927 2653 mm„
988 2587 1218 2630 manus
1271 2565 1546 2631 hostiles
1593 2565 1971 2634 vicinorum,
2023 2564 2262 2648 quibus
2314 2565 2610 2630 sciebant
2663 2587 2733 2629 se
2788 2568 2963 2650 ipsos
3010 2567 3296 2630 odiosos.
3391 2565 3692 2629 Preterca

625 2668 717 2746 ¹132
741 2677 796 2716 ⁸⁰
984 2706 1105 2750 nec
1166 2686 1498 2751 audebant
1550 2705 1699 2750 cum
1761 2706 1911 2768 rege
1971 2683 2409 2760 transfretare,
2460 2706 2628 2768 quos
2679 2708 2810 2751 non
2863 2685 3054 2752 latuit
3108 2688 3286 2769 quod
3343 2687 3518 2770 ipsos
3571 2706 3688 2748 rex

990 2806 1390 2871 Francorum
1452 2806 1741 2872 faccione
1812 2806 2049 2868 sororis
2121 2827 2238 2870 sue
2312 2817 2378 2870 et
2457 2806 2700 2888 Rogcri
2769 2809 2856 2873 de
2933 2807 3336 2872 Mortemcre
3398 2805 3692 2870 violento

985 2927 1283 2992 veneno³¹
1342 2927 1572 2991 odivit.
1666 2925 1892 3008 Igitur,
1948 2925 2149 3009 ipsius
2204 2927 2424 3008 regine
2475 2927 2608 2992 iam
2665 2928 2798 3010 regi
2854 2927 3252 2992 blandientis
3303 2937 3692 3010 ceterosque

630 3064 925 3129 mquam
988 3066 1290 3130 proceres
1335 3046 1675 3130 prudentis
1721 3045 1960 3110 femine
2005 3045 2129 3109 sibi
2174 3047 2580 3111 conciliantis
2620 3058 2823 3131 atquc
2864 3068 3096 3131 pacem
3144 3069 3491 3132 regnorum
3539 3069 3690 3132 pro·

629 3196 899 3246 ww),
987 3168 1311 3232 mittentis
1366 3168 1681 3232 instancia
1743 3187 1871 3230 non
1934 3187 2156 3250 parva,
2206 3168 2518 3250 predictis
2565 3188 2832 3251 quoque
2883 3169 3210 3253 episcopis
3263 3169 3326 3232 in
3389 3169 3454 3232 id
3509 3169 3688 3232 idem

630 3327 841 3377 m,
983 3288 1241 3355 occulte
1284 3288 1587 3354 consules
1626 3287 1842 3370 regios
1882 3288 2359 3370 instigantibus,
2395 3303 2598 3372 atque
2636 3290 3012 3373 proceribus
3058 3311 3178 3374 pro
3224 3289 3452 3354 maiori
3500 3301 3691 3374 parte

982 3411 1068 3475 ad
1100 3409 1229 3474 hoc
1259 3409 1827 3482 concordantibus,
1859 3408 2140 3473 multum
2172 3410 2544 3475 desiderata
2575 3408 2916 3492 legacione
2947 3411 3239 3493 fungitur
3269 3411 3511 3494 regina⁴

1152 3530 1361 3596 Anno
1410 3543 1733 3606 accon
1782 3528 2067 3595 Isabella
2115 3531 2356 3612 regina,
2426 3531 2599 3612 regis
2661 3531 3062 3596 Francorum
3113 3531 3280 3596 unici
3327 3531 3542 3595 fratris
3589 3533 3686 3594 sui

982 3649 1173 3714 unica
1224 3672 1427 3724 soror,
1473 3651 1641 3714 caris
1687 3660 1753 3714 et
1802 3649 2190 3714 desideratis
2238 3652 2614 3733 aspectibus
2667 3665 2732 3716 ct
2786 3651 3024 3714 osculis
3085 3665 3477 3736 presentata,
3524 3652 3684 3716 dum

980 3771 1288 3836 tractavit
1328 3771 1495 3836 inter
1540 3792 1723 3853 reges
1768 3768 2036 3834 fratrem
2079 3783 2144 3834 et
2189 3772 2516 3844 maritum,
2547 3773 2784 3836 ducem
2829 3771 3235 3856 Aquitannie
3275 3785 3344 3838 et
3375 3773 3686 3838 comitem

987 3890 1567 3968 Pontiviacensem,
1600 3912 1715 3954 rex
1749 3891 1890 3956 eius
1927 3891 2201 3956 maritus
2245 3912 2361 3975 per
2396 3905 2611 3957 totam
2656 3891 3249 3975 Quadragesimam
3291 3905 3358 3958 et
3402 3907 3686 3958 estatem

986 4013 1049 4076 in
1085 4011 1332 4077 Cancia
1374 4011 1846 4095 perendinavit,
1884 4023 1955 4075 ut
1995 4012 2163 4076 inter
2203 4013 2418 4095 ipsum
2461 4023 2528 4077 ct
2572 4013 2863 4096 reginam
2907 4014 3290 4078 nunciorum
3331 4034 3688 4079 concursus

983 4131 1205 4196 faciles
1250 4133 1541 4208 baberet,
1590 4133 1813 4214 regina
1858 4133 2206 4214 negocium
2246 4153 2366 4217 pro
2412 4131 2594 4216 quo⁴
2641 4149 2905 4199 venerat
2946 4136 3270 4201 tractanti.
3367 4133 3686 4198 finaliter

1056 4267 1069 4299 ¹
1110 4269 1341 4324 blandit.
1382 4271 1440 4325 B.
1656 4267 1678 4300 ⁸
1716 4269 2047 4338 ingeniatus.
2089 4269 2153 4324 Β.
2367 4266 2384 4298 ⁸
2423 4268 2725 4327 violentum
2753 4289 3040 4329 uenenum.
3089 4275 3149 4327 B.
3341 4273 3361 4300 ⁴
3399 4287 3504 4324 on.
3549 4269 3608 4323 Β.
