4154 4895
1246 309 1358 368 LE
1415 311 1709 369 BAKER
1765 312 1885 368 DE
1942 311 2565 370 SWYNEBROKE.
3177 321 3254 390 19

550 510 877 576 consensit
907 510 1412 595 parliamentum
1456 513 1859 578 Francorum
1900 513 2097 596 quod,
2133 511 2187 576 si
2220 533 2339 576 rex
2380 510 2630 595 Anglie
2671 507 3024 594 resignaret
3061 529 3255 576 suum
3292 522 3430 573 aa).
3446 522 3613 573 1826.

556 631 654 696 ius
713 633 778 696 in
837 632 1152 698 ducatum
1199 633 1525 698 Vasconie
1583 644 1785 717 atque
1845 634 2233 699 comitatum
2289 633 2857 698 Pontiviacensem
2921 632 3255 698 Edwardo
3293 652 3605 719 Proposalto

553 753 993 836 primogenito
1022 773 1164 832 suo,
1196 754 1337 836 ipse
1379 775 1497 818 rex
1539 754 1596 817 F
1599 756 1815 820 rancie
1855 755 2095 820 faceret
2138 756 2508 838 predictum
2555 753 2763 818 filium
2805 753 2976 837 regis
3006 752 3257 837 Anglie
3291 718 3526 848 ἓξὲξ),

550 874 637 937 de
679 874 986 957 predictis
1031 876 1271 940 ducatu
1317 886 1383 939 et
1428 876 1746 941 comitatu
1800 876 2042 940 habere
2096 873 2361 959 plenam
2404 876 2733 953 seisinam,
2779 884 3125 940 contentus
3171 876 3256 939 de
3291 850 3539 966 {zffithieu
3553 922 3608 964 to

549 991 863 1077 homagiO
906 997 1085 1077 quod
1130 995 1219 1059 ab
1260 997 1495 1060 eodem
1536 997 1703 1061 duce
1742 1016 1933 1093 noyo,
1967 995 2217 1062 scilicet
2261 996 2611 1074 Edward0,
2648 1007 2889 1079 nepote
2933 1017 3054 1060 suo
3089 995 3257 1061 foret
3292 981 3562 1099 325⁵&ss

550 1126 942 1198 recepturus.
1033 1115 1251 1198 Super
1293 1116 1421 1180 hiis
1467 1138 1588 1181 rex
1633 1116 1925 1182 Karolus
1967 1116 2191 1182 literas
2227 1139 2380 1182 suas
2420 1127 2723 1201 patentes
2765 1128 2828 1181 et
2875 1108 3040 1181 alias
3080 1117 3256 1182 misit

549 1234 636 1299 de
677 1235 860 1301 salvo
906 1237 1232 1301 conductu
1279 1257 1401 1321 pro
1445 1237 1890 1321 primogenito
1933 1235 2183 1322 Anglie
2225 1238 2351 1303 sibi
2399 1238 2744 1301 mittendo.
2837 1236 3055 1320 Super
3098 1237 3258 1301 arti-
3293 1244 3446 1358 {ears
3468 1243 3543 1291 for

549 1356 713 1420 culis
756 1355 1097 1440 prelibatis
1141 1356 1396 1422 fuerant
1442 1358 1508 1421 in
1552 1356 1804 1442 Anglia
1842 1359 2030 1424 multi
2076 1370 2396 1425 tractatus
2441 1360 2619 1443 apud
2666 1357 3146 1441 Langedonam
3190 1367 3258 1422 et
3331 1308 3566 1373 usafety.

551 1477 932 1555 Dovoriam,
963 1478 1449 1543 consulentibus
1486 1480 1885 1562 quibusdam
1930 1482 2111 1563 quod
2160 1502 2281 1544 rex
2327 1481 2392 1543 in
2438 1480 2706 1564 propria
2751 1501 3029 1563 persona
3077 1501 3258 1545 mare

547 1597 870 1676 transiret,
915 1609 982 1663 et
1034 1598 1128 1661 hii
1198 1597 1576 1683 allegabant
1629 1602 1809 1682 quod
1870 1600 2079 1665 multa
2133 1601 2484 1666 infortunia
2544 1600 2682 1665 filio
2742 1600 2931 1684 regis,
2984 1599 3258 1666 Gallicis

546 1719 782 1782 astutis
827 1729 893 1783 et
938 1719 1195 1802 cupidis
1239 1720 1567 1802 exposito,
1608 1720 1815 1803 patris
1860 1733 1927 1786 et
1973 1719 2417 1805 Anglicorum
2464 1721 2880 1805 proteccione
2916 1721 3255 1798 destituto,

547 1849 814 1923 possent
855 1840 1249 1923 contingere.
1340 1845 1355 1873 ‘
1379 1836 1582 1923 Quis’
1631 1842 1934 1924 inquiunt
1980 1843 2347 1926 ‘proibebit
2394 1864 2614 1927 regem
2665 1842 3067 1907 Francorum
3121 1842 3255 1908 dis-

545 1961 687 2044 pari
728 1961 1114 2043 cuicumque
1147 1960 1305 2025 velit
1352 1962 1698 2044 parvulum
1745 1964 2071 2040 maritare,
2112 1975 2228 2028 aut
2265 1964 2388 2028 sibi
2431 1973 2799 2028 curatorem
2827 1962 2931 2027 vel
2968 1974 3255 2028 tutorem

545 2080 950 2165 assignare?’
1041 2080 1196 2146 Istis
1254 2082 1573 2146 veraciter
1647 2094 1822 2148 recte
1893 2084 2382 2149 consulentibus
2459 2085 2737 2150 comites
2788 2082 3129 2148 Wintonie
3188 2095 3256 2147 et

547 2201 959 2268 Gloucestrie
1017 2223 1149 2267 non
1200 2214 1680 2280 consenserunt,
1735 2226 1855 2287 pro
1915 2225 1996 2269 eo
2054 2206 2235 2287 quod
2295 2225 2426 2269 non
2479 2214 2664 2269 erant
2695 2204 2836 2268 ausi
2896 2224 3045 2269 cum
3103 2225 3256 2288 rege

543 2324 960 2389 transfretare
1003 2343 1122 2388 nec
1176 2322 1321 2406 ipso
1373 2324 1795 2389 transfretato
1848 2325 1914 2388 in
1964 2324 2220 2409 Anglia
2272 2336 2644 2408 expectare,
2697 2336 2968 2408 propter
3022 2345 3254 2390 causas

544 2446 725 2531 prius
759 2445 1167 2529 assignatas;
1212 2426 1565 2528 quibus,ir'1
1612 2445 1903 2529 ipsorum
1950 2449 2335 2531 dampnum,
2378 2449 2727 2531 episcopus
2773 2446 3253 2512 Lincolniensis

541 2568 961 2632 vehementer
998 2567 1355 2643 assentivit‚
1399 2588 1668 2650 sperans
1720 2570 1805 2632 ad
1852 2567 2047 2633 finem
2086 2569 2323 2634 deduci
2376 2578 2752 2638 tractatum.
2793 2589 2989 2651 quem
3014 2566 3035 2604 ¹
3086 2568 3253 2632 inter

544 2689 760 2773 ipsum
811 2699 876 2752 et
931 2689 1227 2772 reginam
1275 2707 1426 2752 cum
1475 2689 1790 2772 episcopo
1845 2689 2242 2754 Herefordie
2299 2690 2509 2754 suerat
2566 2689 2997 2767 machinatus,
3057 2699 3129 2752 ut
3185 2689 3251 2751 in

542 2819 730 2894 parte
758 2810 974 2893 tangit
1005 2809 1203 2873 series
1239 2810 1617 2893 prescripta.
1698 2811 2017 2877 Predictis
2047 2811 2405 2876 comitibus
2436 2832 2555 2875 rex
2586 2810 2784 2875 nimis
2816 2808 3252 2893 compaciens,
3292 2825 3401 2875 The
3423 2826 3546 2891 king

541 2931 911 3014 timensque
953 2951 1054 3008 ne,
1098 2952 1169 2994 se
1213 2931 1360 3015 ipso
1406 2952 1677 3015 peregre
1723 2932 2033 3014 profecto,
2074 2932 2140 2996 in
2187 2931 2479 3015 ipsorum
2525 2932 2844 2997 comitum
2889 2931 3251 2995 exinanici-
3289 2901 3584 3023 ffinsgegaggt?

541 3074 736 3118 onem
792 3052 1105 3117 nobilitas
1162 3052 1481 3117 baronum
1535 3053 1770 3117 iterum
1827 3054 2152 3119 deseviret
2197 3063 2264 3118 et
2311 3054 2400 3118 ab
2444 3053 2607 3117 olim
2643 3051 2931 3136 sopitam
2978 3051 3249 3116 resusci-

539 3182 711 3238 taret
740 3193 1043 3257 guerram
1086 3173 1485 3252 intestinam,
1516 3177 1690 3239 unde
1725 3174 2219 3240 consulentibus
2259 3177 2437 3257 quod
2483 3173 2736 3238 filium²
2775 3174 2911 3236 eius
2957 3173 3251 3237 mitteret

539 3295 804 3378 prebuit
848 3315 1204 3359 assensum.

715 3415 902 3479 Fecit
959 3415 1181 3496 itaque
1241 3436 1359 3479 rex
1419 3416 1674 3499 prefato
1735 3415 1873 3481 filio
1916 3437 2037 3481 suo
2096 3425 2349 3481 cartam
2408 3415 2494 3480 de
2549 3413 2820 3498 prefatis
2878 3414 3120 3478 ducatu
3179 3421 3247 3477 et
3336 3414 3376 3462 f·
3399 3416 3526 3463 104·

540 3513 878 3614 comitatu,
908 3536 1230 3601 habendis
1270 3546 1337 3601 et
1377 3538 1677 3602 tenendis
1716 3538 1843 3602 sibi
1884 3549 1949 3602 et
1983 3538 2333 3602 heredibus
2369 3538 2523 3614 suis,
2553 3535 2816 3620 regibus
2852 3534 3247 3617 Anglorum,
3285 3478 3498 3608 ἓτὶῖῗέεἷ
3514 3544 3580 3610 by

540 3658 792 3723 addens
835 3659 1033 3741 quod,
1069 3658 1143 3735 si,
1185 3670 1373 3742 patre
1416 3680 1537 3725 suo
1580 3660 1950 3743 superstite,
1982 3658 2154 3723 filius
2202 3670 2579 3734 moreretur,
2610 3657 2840 3741 predia
2882 3655 3133 3740 prefata
3181 3657 3246 3720 in
3285 3609 3571 3737 ἷξειιιίῗῖξη,

539 3779 745 3862 patris
775 3778 1139 3844 dominium
1175 3788 1664 3855 reverterentur,
1695 3801 1929 3845 cavens
1968 3781 2178 3845 eciam
2212 3801 2328 3863 per
2358 3780 2681 3862 quasdam
2717 3778 3135 3843 condiciones
3165 3797 3247 3840 ne
3286 3755 3318 3806 ⁹
3340 3740 3478 3807 Sept.

540 3922 658 3966 rex
702 3900 976 3965 Francie
1015 3910 1235 3984 posset
1277 3902 1491 3985 ipsum
1535 3896 2004 3989 E[dwardum]
2050 3902 2358 3966 maritare
2402 3912 2516 3965 aut
2545 3899 2750 3964 tutori
2791 3900 2928 3964 sive
2964 3897 3245 3963 curatori

540 4023 845 4105 cuiquam
889 4020 1295 4087 submittere.
1387 4023 1535 4088 Hec
1578 4024 1917 4089 ordinacio
1957 4024 2080 4088 suit
2125 4023 2298 4089 sacta
2342 4044 2430 4086 ex
2476 4042 2792 4087 consensu
2844 4019 3243 4104 prelatorum

537 4155 603 4208 et
640 4142 918 4209 aliorum
957 4145 1139 4228 regni
1177 4144 1499 4211 nobilium
1537 4148 1717 4230 apud
1765 4146 2150 4224 Dovoriam,
2187 4145 2252 4209 in
2292 4143 2580 4210 crastino
2616 4142 3007 4208 Nativitatis
3052 4141 3248 4206 beate

1386 4279 1407 4315 ¹
1444 4283 1615 4353 quod.
1643 4285 1705 4338 B.
2134 4281 2156 4315 ²
2192 4281 2356 4337 filius.
2398 4283 2463 4336 B.

1827 4403 1953 4452 D2
