4154 4895
944 255 1065 317 144
1679 241 2172 299 CHRONJCOA’
2214 239 2625 296 GALFRIDI

574 451 893 503 Antaeo.
932 442 1020 506 ad
1074 439 1434 526 principem
1494 438 1768 522 quidam
1821 438 2176 504 cardinalis
2232 436 2794 523 Petragorisensis,
2839 446 2908 503 et
2954 437 3280 503 adiuravit
3327 459 3478 505 eum
3525 460 3652 524 per

578 580 820 633 rnatum
929 562 1250 627 honorem
1303 561 1430 625 Dei
1483 560 1659 644 passi
1713 558 2008 625 crucifixi
2064 570 2133 625 et
2184 578 2479 624 amorem
2529 558 2819 642 Virginis
2865 560 3094 623 matris
3144 560 3287 625 eius
3340 581 3642 625 reveren·

576 648 872 763 ‘somine
930 682 1235 767 ciamque
1280 681 1461 767 pacis
1506 680 1944 746 ecclesiastice
1980 690 2187 763 atque
2222 681 2613 765 parcitatem
2656 680 2992 746 effusionis
3033 681 3374 765 sanguinis
3415 681 3646 747 Chris-

576 777 885 910 ffid
929 805 1114 881 tiani,
1157 805 1341 888 quod
1397 803 1689 886 placeret
1746 802 1871 867 sibi
1933 801 2182 867 bellum
2244 802 2650 885 suspendere
2709 823 2827 888 per
2887 811 3153 885 tempus
3216 822 3354 887 quo
3415 816 3644 887 posset

928 936 1217 992 tractare
1285 925 1372 989 de
1442 944 1645 1009 pace;
1721 943 1923 1006 quam
1998 922 2300 1007 promisit
2373 922 2663 988 suturam
2740 922 3193 989 honorabilem
3262 945 3381 1008 per
3449 944 3640 989 suam

929 1046 1479 1123 intercessionem,
1509 1045 1563 1110 si
1596 1055 1820 1110 tamen
1853 1044 2261 1110 intercedere
2292 1046 2806 1128 permitteretur.
2885 1043 3194 1129 Princeps
3223 1065 3398 1117 vero,
3423 1040 3638 1110 nulla¹

931 1169 1197 1253 penitus
1248 1166 1590 1251 tyrranide
1642 1176 1876 1242 tactus,
1922 1184 2043 1230 nec
2102 1165 2351 1230 bellum
2407 1165 2628 1230 timuit
2690 1185 2810 1232 nec
2862 1185 3094 1249 pacem
3149 1166 3489 1241 recusavit,
3537 1177 3644 1232 set

930 1289 1165 1373 prefati
1213 1290 1421 1355 sancti
1468 1287 1675 1374 patris
1718 1287 2032 1372 peticioni
2082 1288 2383 1351 modeste
2427 1286 2923 1353 condescendit.
3015 1285 3216 1353 Unde
3261 1307 3380 1371 per
3423 1300 3639 1352 totam

930 1410 1110 1475 illam
1155 1411 1354 1487 diem,
1392 1408 1799 1493 reparacioni
1846 1409 2027 1491 pacis
2073 1408 2501 1492 assignatam,
2531 1408 2736 1474 crevit
2782 1407 3112 1474 exercitus
3156 1408 3638 1491 Francigenum

930 1531 1109 1597 mille
1160 1532 1314 1597 viris
1366 1550 1701 1597 armorum
1754 1540 1825 1596 et
1877 1527 2298 1614 popularium
2357 1530 2610 1615 ingenti
2665 1527 3111 1595 multitudine.
3202 1528 3282 1594 In
3333 1532 3642 1603 crastino,

927 1652 1177 1719 scilicet
1229 1653 1340 1718 die
1394 1652 1602 1727 Lune,
1658 1651 1854 1717 rediit
1906 1650 2259 1716 oerdinalis
2314 1661 2548 1734 petens
2600 1671 2686 1716 ex
2743 1660 2932 1734 parte
2982 1651 3280 1717 coronati
3334 1662 3642 1735 treugam

926 1774 1254 1847 annalem,
1286 1794 1487 1858 quam
1529 1772 1793 1857 negavit
1836 1773 2177 1856 princeps3
2239 1782 2464 1837 tamen
2502 1772 2592 1836 ad
2639 1771 2989 1837 cardinalis
3030 1791 3343 1856 magnam
3391 1774 3644 1837 instan-

927 1896 1101 1960 ciam
1176 1895 1499 1960 concessit
1573 1904 1840 1977 treugas
1913 1894 2213 1977 adusque
2289 1892 2528 1959 festum
2607 1892 2869 1958 Natalis
2943 1891 3194 1959 Christi
3267 1894 3642 1959 duraturas.

934 2015 1266 2081 Reversus
1329 2016 1554 2098 itaque
1611 2014 1962 2080 cardinalis
2023 2015 2327 2099 poposcit
2378 2037 2420 2082 a
2479 2028 2798 2080 coronato
2851 2014 3031 2099 pacis
3085 2015 3398 2087 inducias.
3449 2016 3644 2080 iuxta

929 2138 1420 2202 concessionem
1466 2136 1722 2201 domini
1770 2136 2080 2221 principis
2121 2136 2621 2215 concedendas;
2660 2136 2845 2201 cuius
2890 2135 3222 2219 peticioni,
3255 2137 3644 2201 marescallo

932 2260 1020 2324 de
1053 2256 1107 2323 C
1116 2258 1483 2323 laromonte
1514 2278 1898 2323 concessum
1930 2258 2226 2323 coronati
2258 2258 2682 2335 admonente,
2700 2258 3086 2323 obiecerunt
3115 2278 3187 2321 se
3219 2258 3644 2322 marescallus

937 2380 1370 2456 Dawdenam,
1408 2377 1743 2443 Galsridus
1788 2380 1875 2443 de
1921 2378 2197 2465 Charny
2234 2389 2301 2445 et
2349 2376 2668 2464 Dowglas
2713 2378 2974 2458 Scotus,
3003 2379 3244 2464 quibus
3287 2394 3642 2444 coronatus

932 2510 1314 2566 veementer
1363 2500 1661 2566 animum
1718 2501 2070 2566 inclinavit.
2166 2500 2283 2565 Isti
2346 2501 2873 2586 pronosticarunt
2926 2502 3106 2585 quod
3159 2501 3246 2566 de
3302 2502 3646 2566 communi

933 2643 1127 2688 cursu
1176 2633 1410 2687 nature
1459 2641 1590 2686 non
1642 2633 1913 2706 possent
1950 2621 2220 2705 Anglici
2269 2643 2391 2707 pro
2437 2633 2592 2688 tunc
2640 2622 2996 2706 prevalere,
3041 2623 3381 2706 presertim
3431 2623 3642 2706 pauci,

934 2744 1162 2826 ignota
1194 2743 1407 2827 patria
1449 2753 1516 2808 et
1550 2743 1889 2807 itineribus
1935 2742 2283 2808 laboriosis
2323 2742 2782 2808 miserabiliter
2827 2742 3106 2826 fatigati,
3136 2755 3364 2809 eontra
3407 2764 3642 2808 nume-

934 2864 1278 2930 rositatem
1334 2863 1672 2947 Quiritum
1734 2861 2137 2928 Gallicorum
2193 2864 2530 2947 proprium
2577 2863 2792 2929 solum
2838 2863 3277 2940 defensuram,
3305 2877 3396 2929 ⁴‚et
3456 2865 3642 2928 omni

638 2999 843 3053 tulb.
932 2983 1196 3050 victuali
1270 2985 1636 3050 necessario
1708 2985 2067 3068 quieteque
2137 2982 2440 3049 diutina²
2499 2985 2624 3049 sub
2691 2985 2860 3050 duce
2919 2985 3200 3069 provido
3261 2997 3642 3062 recreatam,

931 3106 1172 3191 quibus
1230 3105 1506 3169 deberet
1558 3104 1840 3170 audacia
1897 3125 2189 3170 crescere
2238 3115 2468 3171 contra
2526 3106 2848 3189 predones
2896 3126 2984 3169 ex
3034 3107 3372 3189 presencia
3421 3109 3638 3188 regali.

929 3228 1153 3312 gracia
1186 3227 1369 3292 cuius
1399 3235 1723 3310 quatenus
1753 3227 2047 3291 coronati
2082 3239 2148 3292 et
2180 3225 2332 3290 oleo
2363 3236 2595 3292 sancto
2626 3226 2925 3312 peruncti
2956 3237 3115 3292 tunc
3156 3227 3444 3311 primum
3471 3227 3640 3292 soret

932 3348 1360 3434 experienda,
1406 3367 1559 3412 cum
1606 3347 2047 3412 benedicione
2091 3346 2563 3412 venerabilium
2608 3349 3071 3431 episcoporum
3119 3347 3520 3412 Senonensis
3571 3363 3640 3413 et

938 3468 1377 3535 Chalonensis
1412 3467 1537 3532 sub
1578 3468 1725 3551 ipso
1767 3489 1919 3550 rege
1969 3467 2426 3546 militandum,
2467 3467 2572 3532 in'
2612 3469 2996 3552 oppositum
3038 3468 3224 3533 cuius
3268 3469 3646 3534 adnitentes

935 3590 1287 3655 tenderent
1339 3589 1425 3654 ad
1478 3588 1791 3653 lesionem
1842 3589 2019 3670 regie
2058 3589 2463 3670 magestatis.
2557 3587 2876 3672 Percepto
2917 3589 3188 3653 tandem
3227 3589 3409 3672 quod
3452 3609 3642 3653 coro-

936 3723 1131 3777 natus
1154 3709 1668 3793 allegacionibus
1700 3709 2073 3774 huiusmodi
2107 3709 2592 3788 consenciebat,
2624 3708 3044 3775 marescallus
3065 3710 3151 3774 de
3183 3709 3382 3774 Claro
3415 3723 3646 3774 monte

936 3831 1280 3918 protendit
1368 3831 1693 3897 sacerdoti
1776 3831 2038 3896 cuidam
2121 3829 2348 3895 literas
2429 3829 2850 3915 apostolicas,
2921 3831 3278 3894 autoritate
3359 3849 3640 3912 quarum

937 3953 1279 4019 consessus
1328 3962 1394 4017 et
1448 3950 1810 4028 absolutus,
1860 3952 1923 4016 in
1979 3953 2356 4017 ostensione
2408 3971 2525 4015 sue
2581 3951 2933 4024 fidelitatis,
2985 3971 3188 4035 quam
3251 3951 3468 4015 minus
3529 3951 3644 4015 illo

934 4075 1190 4160 providi
1237 4073 1712 4138 blasfemarunt
1762 4096 1881 4158 pro
1933 4093 2014 4139 eo
2067 4075 2249 4158 quod
2296 4073 2500 4137 suasit
2547 4083 2811 4158 treugas
2858 4071 3016 4144 iniri,
3062 4071 3261 4155 peciit
3307 4071 3460 4137 belli
3509 4073 3640 4155 pri·

1362 4208 1375 4239 ¹
1416 4209 1645 4264 nullam.
1689 4211 1750 4265 B.
2177 4209 2198 4240 ’
2235 4209 2468 4264 diutino.
2511 4209 2575 4264 B.
2941 4203 2964 4238 ⁸
2999 4224 3108 4262 on.
3151 4208 3215 4262 B.
