4154 4895
988 276 1011 322 1
1022 271 1106 341 52
1853 264 1902 320 C
1901 264 2223 321 HRONJC
2222 264 2345 320 ΟΝ
2384 264 2793 321 GALFRID!

631 484 941 534 anasse.
979 467 1187 532 aciem
1225 465 1475 530 dirimit
1515 464 1841 532 inimicam
1882 465 2095 531 calibe
2124 474 2392 531 vastans
2420 464 2655 531 obvius
2685 465 3020 550 princeps;
3065 464 3368 530 hostibus
3401 465 3694 530 medium

683 577 882 590 —
979 608 1050 653 se
1095 586 1480 653 commiscet
1500 584 1543 664 ¹,

2041 672 2161 728 ‘Ac
2195 682 2343 729 rotat
2381 671 2586 728 efferus

2082 759 2349 832 Undique
2383 760 2609 826 serrum,

2081 848 2210 917 Quo
2244 847 2371 903 serit
2408 847 2625 903 obvios.

2083 934 2324 990 Proterit
2360 934 2543 1003 alios3

2077 1024 2153 1078 Et
2191 1023 2297 1078 ruit
2336 1023 2524 1078 omnis

2075 1111 2288 1166 Tactus
2325 1113 2400 1166 ab
2437 1110 2569 1166 ino!

983 1235 1392 1301 Invaduntur
1421 1233 1727 1318 utrinque
1759 1232 2129 1312 miserandi,
2158 1254 2328 1317 quos
2357 1254 2399 1300 a
2435 1243 2623 1317 tergo
2664 1233 2915 1299 laniant
2960 1233 3448 1301 commilitones
3492 1235 3578 1300 de
3629 1235 3692 1299 la

981 1357 1258 1431 Busche,
1290 1356 1727 1442 deputatique
1764 1354 1889 1419 sibi
1932 1355 2257 1438 sagittarii
2295 1355 2613 1439 grandine
2648 1355 2795 1421 diro
2830 1355 3236 1422 confodiunt.
3331 1355 3694 1423 Laceratur

977 1499 1063 1543 ex
1112 1490 1266 1545 tunc
1312 1490 1456 1544 tota
1504 1478 1983 1561 Francigenum
2030 1474 2266 1542 bellica
2312 1476 2543 1541 forma.

1474 1614 1621 1669 ‘Hic
1656 1614 1809 1669 furor
1846 1612 2131 1679 Edu-udi,
2169 1612 2301 1670 serit
2339 1612 2434 1668 bic
2470 1630 2570 1668 sua
2605 1612 2838 1669 fulmina
2874 1614 3174 1685 princeps:

1512 1704 1636 1758 Nec
1672 1714 1865 1757 tamen
1904 1701 1996 1756 bic
2035 1701 2207 1757 voluit
2245 1714 2462 1757 tanturn
2501 1713 2871 1773 prosternere,
2908 1712 3177 1773 quantum
3199 1699 3252 1735 '¹

977 1826 1197 1909 potuit
1243 1846 1331 1892 ex
1376 1825 1653 1891 adversa
1696 1835 1897 1907 gente
1943 1824 2288 1910 prosterni.
2411 1824 2528 1897 Set
2591 1826 2893 1891 turbatas
2937 1825 3112 1891 acies
3159 1825 3575 1897 intervolans.
3619 1836 3692 1892 et

977 1958 1271 2012 armatos
1317 1946 1522 2011 rarius
1564 1958 1903 2013 consertos
1950 1946 2327 2011 inferiorum
2373 1947 2664 2012 victoriis
2706 1946 3069 2023 dimittens,
3113 1949 3201 2013 ad
3249 1947 3449 2012 robur
3491 1969 3686 2014 coro·

978 2068 1137 2146 nati,
1180 2067 1415 2132 validis
1459 2068 1681 2135 cuneis
1723 2069 1943 2134 adhuc
1982 2067 2227 2152 stipati,
2271 2068 2506 2152 rapido
2550 2068 2692 2132 nisu
2725 2068 2945 2152 dirigit
2977 2088 3240 2151 gressus
3273 2070 3690 2134 metuendos.

977 2188 1171 2255 Tunc
1235 2188 1480 2254 vexilla
1546 2189 1934 2266 titubarunt,
1997 2189 2322 2254 vexillarii
2391 2200 2794 2263 corruerunt,
2858 2188 2950 2252 hii
3025 2209 3145 2255 sua
3219 2189 3466 2255 viscera
3543 2189 3690 2255 susa

976 2310 1331 2383 calcarunt.
1396 2308 1510 2375 alii
1574 2310 1807 2376 dentes
1870 2322 2322 2386 evomuerunt,
2392 2309 2580 2375 multi
2638 2320 2809 2375 terre
2867 2308 2984 2373 fixi
3048 2310 3328 2387 suerunt,
3392 2312 3688 2375 nonnulli

977 2440 1229 2497 stantes
1289 2430 1556 2497 brachia
1616 2432 1867 2516 precisa
1927 2432 2375 2517 perdiderunt.
2491 2430 2608 2495 Hii
2672 2429 3023 2496 morientes
3080 2428 3299 2496 alieno
3341 2452 3574 2498 cruore
3619 2455 3690 2496 se

978 2551 1380 2626 volutarunt,
1428 2553 1720 2636 pondera
1786 2552 1971 2639 lapsa
2030 2562 2444 2636 gemuerunt,
2487 2561 2556 2617 et
2600 2552 2817 2617 anime
2873 2553 3176 2636 superbe,
3219 2573 3460 2637 corpus
3505 2553 3690 2636 igna-

978 2692 1136 2737 vum
1182 2673 1576 2744 deserentes.
1622 2674 1803 2738 diros
1868 2674 2160 2758 gemitus
2226 2674 2600 2739 emiserunt.
2694 2671 2906 2736 Cruor
2971 2671 3223 2738 servilis
3283 2683 3350 2737 et
3421 2675 3689 2757 sanguis

982 2792 1221 2876 regalis
1287 2813 1418 2858 uno
1478 2794 1738 2878 gurgite
1797 2808 2238 2870 cucurrerunt,
2283 2805 2348 2858 et
2394 2793 2610 2858 vicina
2669 2790 2918 2857 fluenta
2978 2805 3416 2876 purpurantes
3475 2795 3690 2878 pisces

977 2912 1265 2980 delicato
1306 2925 1568 2980 nectare
1616 2929 1952 3000 paverunt.
2057 2915 2169 2981 Sic
2217 2914 2368 2978 furit
2406 2935 2568 2998 aper
2612 2911 3096 2990 cornubiensis,
3138 2913 3250 2996 qui

2178 3052 2363 3107 ‘solas
2399 3049 2665 3121 sanguine
2700 3049 2856 3104 susas

1758 3140 1983 3196 Gaudet
2024 3139 2232 3196 habere
2271 3135 2465 3195 κάμ’·

630 3293 879 3347 ‘rhenan
980 3277 1068 3343 ad
1129 3276 1494 3342 stacionem
1554 3276 1871 3342 coronati.
1964 3274 2097 3340 Hie
2145 3273 2706 3339 validissimorum
2770 3283 2926 3338 trux
2988 3272 3364 3339 resistentia
3442 3274 3686 3356 repei-

626 3362 869 3504 “53:⁴⁸
979 3409 1108 3465 tur.
1202 3398 1504 3482 Pugnant
1549 3396 1837 3481 Anglici.
1878 3406 2247 3480 repugnant
2289 3394 2547 3470 Gallici,
2580 3414 2864 3478 quorum
2907 3395 3069 3466 dux,
3111 3393 3262 3460 licet
3302 3396 3502 3460 etatis
3541 3416 3684 3480 pru.—

869 3489 881 3502 .
982 3532 1260 3594 mature,
1304 3531 1624 3596 attamen,
1671 3519 1765 3583 ira
1813 3518 2235 3583 iuvenesccns
2281 3516 2555 3600 tyronis,
2601 3517 2905 3600 egregios
2949 3515 3243 3600 geminat
3296 3531 3506 3592 actus,
3559 3515 3688 3580 boo

954 3731 963 3738 '
1050 3725 1067 3758 ⁸
1104 3723 1445 3782 commisse&
1486 3725 1550 3780 Β.

1048 3813 1069 3845 ¹
1114 3813 1201 3874 Cf.
1242 3813 1449 3878 Lucan,
1474 3811 1678 3867 Pham.
1706 3809 1797 3865 vii.
1826 3823 2106 3881 534-535:

1502 3905 1516 3926 ⁸
1540 3899 1645 3948 Nec
1682 3899 1811 3947 valet
1850 3900 1973 3948 baec
2006 3901 2139 3948 scies
2172 3905 2364 3948 tantum
2403 3906 2705 3961 prosternere
2737 3905 2974 3960 quantun

1544 3981 1666 4030 lnde
1702 3983 1861 4044 perire
1897 3979 2092 4045 potest.0

1052 4065 1072 4096 ⁸
1112 4067 1198 4138 Cf.
1242 4066 1450 4132 Lucan,
1476 4064 1681 4120 Pham.
1710 4065 1763 4118 ii.
1789 4079 2073 4132 439-440:

1504 4154 1721 4201 ‘Caes-r
1754 4155 1801 4201 ln
1838 4168 1975 4202 nrm
2008 4151 2172 4203 furens
2205 4151 2386 4212 nullu,
2422 4151 2515 4201 nisi
2541 4153 2777 4214 sanguine
2803 4148 2924 4204 fun.

1533 4235 1731 4284 Gaudet
1767 4237 1943 4286 habere
1979 4233 2116 4284 vlu-⁰
