4154 4895
1260 302 1370 355 LE
1415 300 1706 356 BAKER
1750 301 1871 354 DE
1912 300 2535 357 SWYNEBROKE.
3164 293 3247 378 63

543 499 1103 583 piratarum,·cum
1135 521 1363 565 eorum
1396 502 1562 566 duce
1595 498 1731 563 filio
1763 499 1934 582 regis
1967 497 2191 564 Cisilie
2223 500 2453 565 iuvene
2496 500 2721 579 milite,
2752 501 3013 565 fuerunt
3047 501 3246 566 inter·
3289 508 3603 557 A·D·1888·

544 620 713 686 secti.
831 618 1175 687 Predicto¹
1228 621 1419 685 militi
1467 621 1651 685 dedit
1703 620 2106 685 Francorum
2169 622 2463 685 tirannus
2518 622 2828 704 quicquid
2889 622 3105 705 potuit
3165 622 3251 686 de
3291 637 3540 702 Theyare

546 763 749 825 regno
809 720 1066 826 Anglie'
1121 742 1457 820 nancissci,
1518 752 1617 806 set
1679 743 1840 826 ipse,
1893 763 1933 806 a
1992 743 2283 825 quodam
2345 744 2588 808 rustico
2633 754 2804 808 terre
2865 753 3248 827 prostratuS,
3289 702 3530 754 defeated.

546 863 874 929 clamans:
937 870 951 898 ‘
975 863 1333 942 Rancoun,'
1394 864 1703 928 occubuit
1783 863 2061 927 fustibus
2134 875 2464 938 mactatus
2533 865 2619 929 ab
2695 866 2932 930 eodem
3008 866 3251 929 rustico

546 984 986 1050 reclamante‘:
1052 984 1244 1050 ‘Scio
1290 987 1469 1068 quod
1515 994 1588 1050 tu
1636 1005 1707 1050 es
1768 984 1824 1046 F
1827 982 2198 1049 rauncoun’
2219 1007 2238 1061 3
2309 1005 2441 1049 non
2506 986 2680 1050 enim
2742 985 3070 1050 intellexit
3132 1005 3252 1050 nec

545 1107 682 1172 eius
731 1106 978 1171 idioma
1031 1125 1150 1171 nec
1204 1116 1346 1172 crat
1394 1107 1630 1171 doctus
1674 1116 1908 1191 captos
1943 1124 2298 1187 generosos
2359 1106 2803 1190 redempcioni
2849 1127 3250 1172 conservare.

550 1226 786 1311 Itaque
829 1224 1116 1293 residui2
1163 1227 1601 1304 Ianuensium,
1649 1237 1800 1310 post
1855 1225 2318 1309 particularem
2351 1226 2517 1291 =ville
2576 1228 3120 1305 combustionem,
3167 1229 3252 1292 ad

545 1349 787 1431 galeaS,
831 1350 1227 1433 quibusdam
1260 1349 1631 1427 submersis,
1664 1347 2011 1430 fugierunt.
2106 1347 2304 1412 Hanc
2333 1347 2560 1414 villam
2603 1349 2741 1414 eius
2774 1348 2983 1414 incole
3027 1348 3253 1433 amplo

549 1490 737 1535 muro
782 1480 1015 1554 postea
1058 1472 1427 1536 cinxerunt.

725 1589 879 1656 Hoc
922 1612 1096 1658 anno
1141 1613 1260 1658 rex
1305 1590 1552 1674 Anglie
1597 1611 1714 1674 per
1758 1601 1971 1656 totam
2016 1590 2329 1674 hyemem
2373 1592 2555 1675 apud
2602 1591 2976 1675 Andewerp
3022 1612 3255 1675 peren·
3294 1610 3433 1662 Birth
3456 1612 3517 1661 os

548 1711 816 1791 dinavit,
864 1712 975 1777 ubi
1038 1714 1262 1796 regina
1322 1711 1446 1776 sibi
1507 1712 1763 1795 peperit
1824 1711 2166 1776 dominum
2229 1712 2650 1791 Leuencium,
2711 1714 3024 1778 comitem
3087 1712 3254 1777 Dol-
3294 1677 3584 1793 ffiwffigssl

547 1833 801 1899 vestier.
3295 1812 3384 1875 (²⁹
3408 1810 3564 1871 Nov.)

729 1954 920 2032 Item,
953 1975 1073 2020 rex
1112 1954 1399 2039 suscepit
1428 1954 1815 2020 vicariatum
1859 1954 2115 2038 imperii
2146 1976 2185 2019 a
2217 1954 2474 2039 prefato
2510 1957 2678 2021 duce
2710 1955 3004 2032 Bavarie,
3041 1955 3154 2037 qui
3184 1976 3256 2020 se
3295 1969 3509 2085 migma·

3207 2078 3221 2092 .
3294 2053 3377 2086 ma
3413 2053 3441 2086 e
3463 2051 3599 2086 Vim!

550 2076 760 2140 tenuit
808 2097 929 2159 pro
975 2078 1389 2161 imperatore,
1436 2097 1632 2160 super
1675 2096 1810 2158 quo
1847 2097 2023 2160 papa
2067 2076 2327 2159 scripsit
2373 2076 2456 2140 eii
2504 2075 2726 2142 literas
2770 2078 3258 2161 redargucioms
3295 2103 3353 2151 of
3369 2102 3453 2152 the

552 2205 620 2261 et
663 2198 1107 2262 exortacionis
1152 2197 1312 2263 satis
1356 2198 1518 2262 dure
1562 2206 1933 2280 conceptas,
1978 2198 2063 2262 de
2107 2198 2269 2262 dato
2316 2197 2531 2262 idibus
2577 2198 2994 2276 Novembris,
3040 2199 3257 2281 ponti·
3299 2169 3513 2233 Empire.

554 2315 785 2382 fucatus
843 2319 944 2383 sui
1003 2339 1180 2383 anno
1238 2329 1497 2401 quart0,
1555 2317 1775 2382 adhuc
1834 2338 1990 2401 rege
2047 2317 2269 2383 taliter
2330 2318 2394 2381 in
2456 2320 2753 2401 partibus
2810 2319 3259 2384 transmarinis

551 2447 867 2520 guerram·
903 2461 1091 2505 suam
1138 2462 1258 2524 pro
1302 2461 1424 2505 suo
1471 2438 1607 2504 iure
1653 2438 2042 2504 incoandam
2098 2439 2562 2523 suspendente.

728 2558 807 2625 In
836 2560 1062 2644 vigilia
1102 2560 1662 2626 Annunciacionis
1708 2560 2012 2625 undecim
2053 2558 2245 2643 galee
2282 2561 2691 2627 immiserunt
2735 2561 2952 2652 ignem
2982 2561 3136 2627 ville
3172 2563 3258 2627 de
3296 2585 3605 2634 amasso.

555 2678 941 2764 Herewych,
986 2683 1166 2746 cuius
1218 2681 1523 2746 ardorem
1581 2691 1814 2746 ventus
1858 2682 2221 2747 contrarius
2282 2682 2570 2767 proibuit
2619 2703 2905 2748 crescere
2951 2684 3015 2747 in
3060 2704 3259 2749 nocu-
3294 2664 3607 2782 ffiftoench

557 2811 870 2867 mentum.
979 2801 1274 2867 Ulterius
1334 2803 1399 2867 in
1457 2820 1649 2878 ann0,
1694 2801 1863 2867 circa
1926 2802 2377 2880 Pentecosten,
2430 2803 2642 2886 pirate
2703 2805 3131 2870 Normannici
3190 2816 3257 2870 et
3299 2794 3570 2928 {affixa

558 2922 927 3003 IanuenseS,
960 2924 1025 2989 in
1054 2924 1286 3008 galeys
1316 2935 1383 2989 et
1414 2923 1724 3008 spinaciis
1755 2923 1926 2989 circa
1959 2934 2227 3007 portum
2264 2922 2700 3008 Hamptonis³
2733 2926 2972 2990 iterato
3004 2927 3067 2990 in
3092 2928 3256 2991 mari

556 3065 629 3109 se
664 3047 1102 3124 ostendentes,
1132 3068 1204 3112 se
1242 3047 1409 3113 velle
1439 3049 1773 3133 applicare
1805 3050 2188 3114 comminati
2231 3062 2384 3115 sunt
2417 3070 2535 3134 per
2564 3069 2719 3113 suos
2760 3049 3052 3125 nuncios,
3089 3068 3257 3131 quos

558 3166 882 3233 iusserunt
921 3178 1314 3252 apparatum
1345 3170 1498 3236 ville
1526 3170 1891 3255 explorare.
1986 3171 2096 3248 Et,
2137 3171 2295 3254 quia
2335 3181 2604 3255 paratos
2646 3168 2894 3234 incolas
2935 3170 3022 3234 ad
3068 3169 3257 3233 resis-

558 3288 833 3353 tendum
867 3301 1312 3373 perceperunt,
1343 3292 1430 3356 ad
1464 3291 1746 3356 insulam
1779 3292 1863 3356 de
1892 3291 2106 3357 Vecta
2136 3292 2580 3376 migraverunt
2609 3315 2625 3369 3
2672 3301 2771 3354 set
2803 3290 2866 3353 in
2905 3289 3084 3354 illam
3121 3309 3255 3353 non

559 3408 899 3487 intrarunt,
944 3411 1252 3475 cedentes
1303 3413 1692 3495 proibicioni
1747 3411 2154 3490 incolarum3
2214 3424 2313 3477 set
2358 3433 2428 3477 se
2472 3408 2943 3476 transtulerunt
2995 3411 3080 3475 ad
3127 3409 3257 3474 alia
3297 3417 3606 3485 Theyhany

559 3528 705 3594 loca
736 3516 1066 3596 maritima
1107 3532 1320 3596 minus
1360 3533 1530 3598 bene
1572 3533 1842 3612 munita,
1875 3535 1939 3598 in
1972 3534 2229 3617 quibuS,
2264 3554 2447 3597 more
2489 3530 3020 3608 latrunculorum,
3055 3529 3259 3595 multa
3294 3484 3548 3602 &senua

559 3650 735 3715 mala
765 3652 1271 3728 commiserunt3
1316 3663 1384 3719 et
1415 3665 1667 3738 postea,
1700 3654 1764 3719 in
1798 3653 1967 3720 festo
2002 3653 2319 3738 Corporis
2352 3652 2616 3730 Christi,
2647 3652 2827 3735 apud
2862 3651 3259 3736 Hastinghe,

557 3771 845 3855 quedam
878 3773 1141 3856 tuguria
1166 3771 1192 3810 ⁴
1227 3774 1630 3857 piscatorum
1663 3776 2168 3841 combusserunt
2205 3795 2353 3840 cum
2392 3793 2622 3838 eorum
2659 3771 2940 3855 scaphis,
2972 3771 3258 3836 homini-

559 3891 681 3957 bus
740 3893 990 3958 occisis.
1111 3894 1303 3973 Item,
1364 3907 1595 3962 contra
1671 3896 1953 3965 insulam
2014 3897 2291 3961 Tanatis
2356 3907 2424 3961 et
2486 3893 2843 3960 Doveriam
2903 3903 2970 3957 et
3029 3905 3259 3959 contra

560 4012 886 4078 Folkston
949 4013 1292 4082 multocies
1342 4037 1418 4082 se
1469 4018 1918 4096 ostenderunt,
1966 4029 2067 4084 set
2120 4018 2183 4081 in
2237 4017 2361 4083 illis
2411 4017 2574 4082 locis
2628 4014 2835 4080 multa
2890 4014 3065 4080 mala
3126 4037 3255 4081 non

559 4133 785 4212 secere,
816 4135 937 4200 nisi
969 4138 1282 4202 adversus
1320 4158 1643 4223 pauperes
1679 4139 2060 4222 piscatores.
2154 4139 2411 4203 Deinde
2454 4140 2516 4202 in
2562 4137 2885 4221 portubus
2924 4135 3258 4202 Cornubie

702 4279 719 4313 ¹
759 4280 1009 4351 prefficti·
1048 4283 1115 4336 B·
1327 4282 1349 4316 ²
1386 4284 1626 4340 residuo.
1668 4288 1732 4340 B.
1947 4282 1968 4315 ³
2011 4283 2307 4340 Hamonis.
2335 4285 2398 4338 B.
2617 4280 2629 4309 ⁸
2667 4279 2961 4351 turgurria.
3001 4281 3066 4334 B.
