4154 4895
1223 261 1335 316 LE
1392 259 1686 315 BAKER
1738 258 1859 313 DE
1915 258 2540 314 SWYNEBROKE.
3160 270 3239 337 13

704 462 909 528 Anno
956 459 1357 544 M.CCC.xxj.,
1388 459 1596 525 nihilo
1637 458 1917 543 pacifico
1954 480 2044 524 ex
2085 468 2275 543 parte
2316 458 2641 523 baronum
2686 457 2916 524 oblato
2957 458 3110 542 regi,
3140 467 3242 523 set
3281 477 3594 528 A.D.1322.

533 583 695 667 ipsis
747 585 811 648 in
865 606 985 650 sua
1037 584 1358 668 pertinaci
1418 581 1777 647 rebellione
1829 580 2294 665 contra-regni
2344 591 2615 659 statuta,
2664 601 2819 663 rege
2873 580 3240 647 inconsulto
3281 607 3495 658 Edwasd

534 706 742 771 immo
789 706 1016 783 invit0,
1062 726 1330 771 manum
1377 716 1705 770 armatam
1760 704 2296 780 convocantibus,
2349 703 2474 767 sub
2533 702 2799 768 vexillis
2863 703 3243 787 desplicatis
3280 674 3508 791 ,ἾᾏᾟῙῬ

530 827 804 894 armatis
827 827 1283 905 militantibus,
1312 846 1454 904 reX,
1472 826 1770 892 exercitu
1792 824 2162 902 recollecto,
2189 825 2363 889 circa
2400 816 2599 889 finem
2625 826 2870 889 mensis
2903 825 3243 891 Februarii

532 950 598 1013 in
623 958 845 1033 partes
865 948 1151 1014 boriales
1169 970 1323 1013 suas
1353 948 1581 1031 copias
1612 947 1949 1031 promovit
1978 971 1993 1024 ;
2043 946 2226 1011 cuius
2246 946 2604 1011 adventum
2636 947 2916 1012 barones
2946 948 3245 1012 animose

532 1069 991 1154 prestolanteS,
1051 1079 1205 1154 post
1272 1068 1655 1134 conflictum
1716 1068 2270 1151 qualemcumque
2341 1067 2512 1132 inter
2583 1068 2758 1133 acies
2824 1067 3113 1152 regalem
3175 1077 3243 1133 et

532 1191 852 1257 comitum
886 1190 1275 1257 Lancastrie
1301 1202 1370 1255 et
1403 1190 1799 1255 Herefordie
1828 1191 2006 1274 apud
2051 1189 2343 1254 Bortone
2387 1209 2586 1273 super
2621 1187 2959 1268 Trentam,
2992 1190 3241 1274 regiam
3285 1204 3367 1256 He
3390 1205 3579 1257 desem

533 1312 1051 1397 preeminentem
1094 1321 1497 1396 potestatem
1539 1312 1816 1377 comites
1846 1311 2174 1395 sugerunt,
2213 1331 2342 1393 que
2388 1310 2763 1375 ebdomada
2798 1323 3243 1396 consequente
3280 1272 3572 1388 3333?

534 1455 651 1518 per
682 1434 923 1499 multos
951 1434 1037 1500 de
1080 1434 1622 1511 Humberlandia,
1665 1434 1835 1498 duce
1875 1431 2152 1496 Andrea
2195 1431 2283 1496 de
2336 1430 2696 1515 Harkleye‚
2733 1433 2935 1497 crevit
2972 1433 3035 1497 in
3077 1455 3241 1518 aug·
3282 1418 3349 1453 ⁰¹²
3372 1402 3540 1455 Toent.

537 1567 850 1622 mentum.
939 1557 1129 1621 Tunc
1164 1535 1495 1621 vacillavit
1526 1556 1850 1621 baronum
1881 1529 2288 1631 animositas,
2321 1553 2809 1619 consulentibus
2839 1555 3239 1637 quibusdam

534 1679 711 1761 quod
743 1679 807 1742 in
839 1678 1011 1761 regis
1035 1676 1059 1716 ¹
1104 1678 1394 1763 graciam
1431 1688 1499 1742 et
1540 1677 2079 1752 misericordiam,
2127 1676 2451 1760 promissa
2498 1678 2865 1742 reverencia
2906 1687 2974 1741 et
3015 1677 3240 1743 debita
3279 1690 3593 1743 Thebarons·

535 1799 970 1876 subieccione,
1000 1818 1072 1862 se
1101 1800 1660 1877 commendarent,
1689 1798 1869 1883 quod
1899 1799 2170 1882 quidem
2195 1797 2544 1863 concilium
2566 1797 3006 1864 reddebatur²
3050 1800 3241 1864 odio·
3279 1766 3455 1888 ffis
3476 1828 3530 1873 to

536 1942 682 1986 sum
728 1921 952 1986 comiti
1001 1920 1403 1999 Lancastrie,
1448 1941 1647 2004 quem
1693 1920 1785 1986 sic
1829 1920 2208 1985 securitavit
2254 1919 2464 1983 affinis
2529 1920 2848 2004 cognacio
2905 1921 3243 2003 sanguinis
3280 1904 3460 1940 waver.

539 2042 775 2127 regalis
828 2042 1010 2125 quod
1064 2040 1317 2108 nullum
1372 2043 1821 2121 infortunium,
1876 2043 2034 2125 quia
2086 2040 2338 2106 nullum
2390 2042 2687 2121 timebat,
2744 2043 2958 2128 ipsum
3013 2044 3244 2109 terruit

539 2187 581 2230 a
627 2175 841 2248 cepto,
887 2164 1234 2249 presertim
1287 2184 1440 2229 cum
1494 2185 1626 2229 non
1680 2174 1912 2230 contra
1943 2160 2185 2248 'regem
2240 2173 2357 2243 set,
2409 2175 2481 2229 ut
2535 2166 2730 2243 dixit,
2777 2177 3005 2231 contra
3058 2167 3243 2250 regni

537 2286 942 2370 proditorem
997 2286 1355 2370 Hugonem
1404 2286 1615 2350 virum
1669 2307 1737 2350 se
1796 2295 2136 2350 armasset.
2232 2283 2566 2350 Comitem
2627 2307 2780 2351 vero
2836 2287 3245 2366 Herefordie,

541 2406 967 2471 Humsridum
1021 2407 1107 2472 de
1160 2406 1416 2486 Bohun,
1462 2406 1706 2472 virum³
1761 2428 1877 2491 per
1925 2406 2149 2472 omnia
2198 2404 2605 2486 bellicosum,
2653 2427 2929 2492 corpore
2974 2410 3244 2492 quidem

538 2539 893 2606 strenuum,
947 2537 1167 2593 mente
1214 2529 1790 2607 animosissimum,
1840 2528 2114 2594 consilio
2164 2529 2325 2593 satis
2371 2530 2740 2613 providum,
2787 2531 3106 2614 compulit
3150 2531 3246 2595 in-

539 2659 805 2732 ceptum
850 2635 1099 2713 facinus
1144 2649 1525 2715 continuare
1569 2650 1771 2714 timor
1813 2650 1897 2713 de
1944 2648 2235 2733 periculo
2282 2648 2564 2714 militum
2611 2649 3008 2735 simplicium
3051 2653 3114 2716 in
3147 2652 3246 2717 sas

540 2779 607 2835 et
652 2770 834 2836 nefas
877 2771 1004 2835 sibi
1049 2769 1533 2849 famulandum,
1562 2791 1730 2854 quos
1775 2791 1908 2835 non
1953 2771 2092 2835 sine
2138 2771 2367 2835 mortis
2413 2770 2736 2855 supplicio
2773 2773 2878 2838 vel
2920 2795 3128 2857 usque
3157 2774 3244 2841 ad

539 2901 906 2975 egestatem
957 2891 1371 2957 redemcione
1415 2902 1767 2976 putaverat
1813 2913 2013 2977 posse
2068 2893 2203 2976 regi
2254 2902 2321 2957 et
2375 2892 2961 2977 Dispensatoribus
3021 2916 3245 2961 recon-

541 3012 767 3078 ciliari.
874 3011 1075 3078 Unde
1139 3012 1390 3097 pietate
1454 3034 1658 3096 quam
1717 3011 1951 3079 habuit
2011 3012 2382 3077 naturalem
2442 3034 2797 3097 generosus
2858 3015 2968 3081 ille
3024 3037 3247 3082 comes

542 3144 917 3200 commotus
969 3132 1201 3200 maluit
1242 3134 1420 3201 bello
1465 3135 1637 3200 vinci
1686 3144 1752 3200 et
1797 3134 2161 3200 secundum
2213 3136 2338 3199 sibi
2388 3135 2601 3201 visum
2650 3139 2759 3222 pie
2805 3138 2990 3215 mori,
3042 3160 3244 3223 quam

542 3276 660 3340 per
698 3254 1272 3340 asportacionem⁴
1303 3277 1572 3322 suorum
1604 3255 2057 3322 comilitonum
2096 3257 2201 3321 vel
2246 3258 2527 3322 carceris
2563 3269 2678 3322 aut
2720 3260 2905 3323 exilii
2954 3282 3241 3326 macera-

542 3377 796 3471 cionem
828 3398 943 3441 seu
978 3376 1208 3441 mortis
1238 3378 1655 3461 punicionem
1686 3399 1805 3443 sua
1838 3388 2059 3443 mente
2092 3377 2201 3462 pia
2232 3378 2484 3442 diutine
2513 3381 2822 3462 torqueri.

715 3498 1016 3563 Tandem
1077 3497 1214 3580 xvj.
1268 3498 1375 3564 die
1436 3499 1677 3564 mensis
1741 3499 1973 3565 Marcii
2038 3499 2278 3565 Martis
2335 3500 2555 3565 furore
2607 3500 2938 3567 concitant
3004 3514 3242 3587 parteS,
3283 3514 3444 3566 Battle
3466 3515 3524 3565 ot

541 3618 933 3702 vexillisque
970 3619 1298 3703 regalibus
1341 3618 1588 3686 vexilla
1631 3621 1953 3685 baronum
2000 3621 2123 3686 sub
2163 3622 2406 3686 ducatu
2454 3622 2772 3687 comitum
2818 3623 3242 3690 adversancia
3282 3580 3532 3706 &3⁰¹3-

543 3741 926 3827 procedunt‚
958 3760 1087 3823 que
1132 3740 1388 3806 utinam
1434 3752 1664 3806 contra
1709 3741 2007 3807 inimicos
2051 3742 2261 3808 crucis
2305 3741 2547 3808 Christi
2595 3740 2814 3827 plures
2856 3744 2919 3807 in
2960 3745 3243 3830 decuplo
3286 3711 3345 3763 ¹⁶
3428 3711 3563 3764 ἠδ’

545 3861 716 3945 regis
746 3869 814 3925 et
846 3861 1161 3925 comitum
1207 3861 1496 3925 unanimi
1532 3882 1852 3928 consensu
1899 3862 2174 3927 fuissent
2220 3862 2582 3946 displicata‚
2628 3872 2696 3927 et
2740 3884 2872 3929 non
2919 3864 3246 3950 Anglicus

545 3983 610 4047 in
642 3981 1020 4066 Anglicum,
1051 3992 1373 4066 cognatus
1405 3983 1467 4047 in
1499 3994 1875 4068 cognatum,
1922 3984 2134 4050 affinis
2179 3985 2243 4048 in
2290 3985 2572 4061 affinem,
2621 3985 2807 4049 miles
2852 3987 2916 4050 in
2963 3987 3246 4072 impera-

546 4113 757 4174 torem
816 4103 1040 4169 fuisset
1106 4104 1486 4170 debacatus.
1582 4104 2114 4190 congrediuntur
2172 4106 2345 4171 acies
2404 4107 2582 4190 apud
2646 4105 3072 4192 Borubrigge,
3133 4111 3244 4174 ubi

642 4237 660 4271 ¹
699 4256 909 4309 regum.
948 4240 1016 4294 B.
1228 4238 1250 4270 ²
1285 4240 1572 4297 reddebat.
1610 4242 1673 4298 Β.
1889 4240 1911 4273 ⁸
1948 4241 2210 4298 vicerum.
2250 4244 2313 4298 B.
2528 4241 2549 4273 ⁴
2585 4243 3037 4314 apporacionem.
3079 4247 3143 4301 B.
