4154 4895
942 270 1070 333 140
1810 257 1862 315 C
1859 254 2183 314 HRONIC
2182 256 2303 315 ΟΝ
2345 252 2758 311 GALFRID!

586 474 903 527 ιαιεω.
941 477 1211 544 presens
1261 468 1330 524 et
1388 463 1614 542 posset
1664 455 2132 522 communicati
2187 453 2431 520 laboris
2480 464 2548 518 et
2600 452 2914 537 ambigue
2966 451 3229 517 fortune
3275 450 3475 517 duras
3525 469 3648 515 seu

586 565 847 656 The—’7‘
942 580 1175 646 molles
1204 579 1493 645 sarcinas
1522 577 1836 644 conferre.
1930 578 2231 651 Proinde,
2255 575 2584 661 congestis
2619 575 2826 658 copiis
2857 593 3025 657 quas
3054 573 3289 638 habuit
3320 592 3544 638 secum
3579 571 3644 635 in

588 671 838 788 w
940 704 1206 781 ducatu,
1251 720 1403 766 cum
1445 698 1816 765 intencione
1857 710 2040 765 trans
2089 698 2432 764 Franciam
2478 696 2719 779 cupitis
2771 693 3010 760 osculis
3055 694 3344 779 paternis
3386 714 3460 760 se
3505 714 3652 777 pre·

591 802 757 854 ''⁰¹²¹“
939 833 1221 899 sentare,
1280 820 1461 887 venit
1533 821 1620 886 ad
1697 820 2166 903 Brugeracum,
2224 818 2356 891 ubi,
2425 815 2825 882 certificatus
2899 815 3209 882 comitem
3284 813 3652 881 Arminiaci

939 944 1228 1009 voluisse
1294 954 1446 1028 post
1507 942 1649 1007 eius
1709 961 2035 1007 recessum
2100 939 2381 1025 patriam
2443 936 2886 1022 depopulasse
2944 947 3011 1003 et
3071 938 3160 1001 ad
3219 936 3346 1002 hoc
3409 936 3648 1001 milicia

592 1069 848 1120 Mamm
939 1066 1211 1150 copiosa
1252 1064 1570 1147 stipatum
1607 1084 1726 1129 nec
1767 1063 2142 1147 inparatum
2185 1061 2401 1139 fuisse,
2434 1059 2682 1125 remisit
2724 1060 2810 1124 ad
2857 1059 3067 1144 patrie
3104 1058 3385 1125 tutelam
3429 1078 3656 1123 sene·-

592 1135 874 1252 Q&
941 1184 1185 1254 callum
1214 1185 1548 1251 Vasconie
1591 1195 1663 1251 et
1706 1185 2051 1249 dominum
2101 1183 2510 1248 Bernardum
2558 1181 2645 1247 de
2691 1181 2984 1259 Libreto,
3018 1179 3331 1246 maiorem
3377 1200 3652 1264 quoque

593 1266 843 1331 Gmony.
943 1306 1522 1391 Burdegalensem,
1567 1303 1898 1390 simulque
1942 1324 2094 1371 cum
2140 1304 2237 1370 eis
2286 1302 2455 1370 alios
2497 1303 2840 1369 Vascones
2892 1313 2961 1368 et
3009 1322 3322 1388 magnam
3365 1300 3650 1368 classem

943 1436 1353 1514 togatorum.

593 1562 901 1641 eonducta(
1118 1549 1387 1615 Exinde
1417 1550 1733 1633 processit
1767 1546 2070 1634 princeps
2108 1548 2171 1613 in
2209 1547 2576 1627 Franciam,
2607 1547 2896 1613 directus
2937 1568 3056 1632 per
3096 1544 3328 1633 plagas
3361 1545 3658 1611 Limovi·

594 1631 871 1747 giem
946 1689 1210 1737 censem
1265 1682 1333 1736 et
1388 1670 1807 1736 Bemensem.
1898 1669 2090 1736 More
2141 1670 2296 1735 boni
2354 1669 2669 1735 antistitis
2712 1689 2868 1735 suos
2913 1668 3305 1735 hortabatur
3349 1668 3658 1753 princeps

592 1762 908 1814 ⁵⁸⁰²&ss
947 1810 1408 1876 progressuros
1451 1791 1517 1855 in
1561 1790 1807 1869 hostes,
1839 1811 1971 1855 non
2009 1791 2292 1857 inermes
2332 1790 2563 1875 palari,
2594 1804 2694 1855 set
2740 1810 3016 1875 corpora
3063 1789 3396 1875 corporeis
3439 1809 3660 1855 arma·

949 1910 1193 1978 mentis
1235 1922 1303 1976 et
1345 1912 1603 1977 animos
1648 1911 2018 1996 penitencie
2057 1911 2567 1996 Eukaristieque
2610 1913 3039 1977 sacramentis
3085 1911 3179 1976 ita
3223 1911 3540 1981 decorari.
3581 1924 3658 1975 ut

945 2041 1175 2098 contra
1237 2031 1515 2098 rebelles
1575 2033 1751 2115 regie
1808 2033 1956 2117 paci
2017 2032 2396 2097 dimicaturi
2451 2032 2662 2118 parati
2714 2033 2944 2105 forent,
2999 2032 3255 2098 honore
3305 2031 3659 2117 temporali

943 2152 1241 2220 viventes
1290 2164 1363 2220 et
1414 2153 1688 2219 eternali
1752 2154 2110 2221 morientes
2159 2159 2233 2218 at
2294 2154 2652 2238 utrobique
2699 2155 3037 2219 vincentes
3091 2152 3417 2238 premiari.
3511 2152 3662 2217 Nec

946 2273 1346 2358 pretermisit
1392 2284 1568 2339 artes
1610 2273 1953 2358 prudentis
1995 2274 2431 2359 imperatoris,
2461 2276 2645 2340 cuius
2686 2275 2886 2340 refert
2927 2275 3150 2341 exitus
3189 2294 3403 2339 rerum
3444 2273 3660 2338 metiri

941 2406 1010 2461 et
1073 2414 1423 2479 precavere
1474 2393 1761 2480 pericula
1811 2414 2123 2475 suorum;
2182 2406 2303 2474 set,
2350 2397 2685 2481 premissis
2739 2396 3102 2462 illustribus
3143 2395 3301 2462 viris
3350 2394 3658 2460 Iohanne

949 2513 1329 2593 chaundos,
1390 2515 1640 2582 Iacobo
1703 2515 2070 2600 Dawdelye
2129 2531 2195 2582 et
2259 2537 2489 2583 eorum
2551 2517 2992 2604 complicibus
3053 2518 3118 2582 in
3175 2527 3320 2583 arte
3380 2518 3662 2583 tironica

948 2637 1344 2703 sufficienter
1371 2637 1683 2723 expertis,
1712 2638 1799 2702 ad
1831 2638 2452 2722 discooperiendum
2484 2649 2734 2705 statum
2771 2638 2982 2726 patrie
3011 2637 3291 2716 hostilis,
3321 2658 3406 2703 ne
3441 2639 3660 2702 somn

949 2757 1186 2822 insidie
1218 2758 1707 2823 inboscatorum
1744 2758 1986 2824 nostris
2017 2759 2369 2844 inprovisis
2401 2771 2671 2845 repente
2703 2760 3176 2847 prosiluissent,
3209 2760 3349 2845 ipse
3391 2762 3662 2836 curavit,

950 2879 1320 2963 prospectis
1374 2879 1735 2956 itineribus,
1778 2879 2024 2945 cotidie
2080 2901 2346 2947 movere
2394 2891 2630 2960 castra,
2675 2903 2796 2948 nec
2846 2881 3042 2946 aliter
3085 2901 3289 2965 quam
3335 2880 3388 2944 si
3433 2880 3662 2946 hostes

948 2998 1292 3064 affuissent
1343 3000 1431 3065 de
1482 3010 1677 3066 nocte
1733 3001 2001 3073 munire,
2044 3001 2304 3085 vigilias
2355 3002 2642 3068 solicitas
2692 3003 3112 3079 constituere,
3157 3010 3225 3066 et
3279 3023 3393 3067 eas
3443 3001 3662 3086 ipsum

949 3119 1433 3186 valencioribus
1507 3121 1980 3186 comitantibus
2051 3123 2342 3196 circuire,
2402 3125 2832 3209 procedencia
2888 3145 3049 3189 vero
3121 3123 3526 3206 quandoque
3592 3123 3658 3186 in

952 3240 1199 3326 primis,
1229 3241 1393 3306 alias
1438 3243 1502 3306 in
1547 3243 1918 3328 postremis,
1947 3255 2015 3308 et
2060 3263 2533 3327 nonnunquam
2579 3245 3004 3310 intermedius
3035 3244 3319 3312 visitare,
3351 3263 3434 3308 ne
3473 3244 3662 3328 quic·

950 3383 1153 3447 quam
1232 3363 1681 3428 inordinatum
1758 3363 2051 3448 periculo
2129 3376 2406 3450 pateret.
2517 3366 2863 3450 Siquidem
2940 3366 3235 3450 ingresso
3301 3364 3658 3430 pictaviam

954 3484 1345 3548 nunciarunt
1387 3483 1845 3570 exploratores
1890 3486 2072 3569 quod
2117 3498 2472 3551 coronatus
2516 3488 2834 3552 adunavit
2880 3487 3250 3552 exercitum
3297 3485 3662 3570 copiosum,

956 3624 1224 3688 presens
1255 3605 1430 3689 apud
1458 3603 1916 3680 Aurelianum,
1948 3626 2147 3689 quem
2185 3629 2313 3672 non
2345 3605 2577 3672 lateret
2618 3608 2928 3693 principis
2967 3608 3311 3676 adventus.
3342 3619 3412 3672 ut
3449 3607 3662 3690 patuit

955 3725 1043 3789 de
1101 3723 1295 3788 sacto.
1422 3725 1661 3791 Emisit
1725 3746 1965 3810 nempe
2031 3727 2475 3812 discooperire
2534 3730 2902 3794 exercitum
2967 3738 3264 3792 nostrum
3325 3727 3660 3791 valentem

961 3847 1320 3929 quemdam
1354 3845 1465 3930 qui
1512 3846 1873 3911 vocabatur
1904 3845 2178 3910 Griscus
2223 3847 2422 3914 Muto
2462 3848 2549 3914 de
2594 3848 2923 3924 Chambli,
2957 3848 3316 3933 prefectum
3349 3849 3668 3912 comitive

606 3989 653 4038 Α
678 3983 927 4036 ultimi-h.
964 3966 1399 4032 ducentorum
1432 3979 1829 4050 togatorum,
1862 3969 2100 4051 quibus
2133 3990 2364 4033 manus
2401 3983 2812 4034 conserentes
2849 3971 3056 4034 nostri
3099 3969 3668 4054 discooperatorcs

962 4097 1277 4172 ceperunt
1310 4109 1397 4152 ex
1428 4089 1522 4152 eis
1560 4109 1729 4153 xxx.
1756 4087 1994 4154 milites
2026 4099 2094 4154 et
2124 4091 2528 4166 vernaculos,
2549 4091 2694 4155 aliis
2727 4091 2814 4156 ita
2849 4089 3040 4176 plene
3069 4089 3306 4155 deletis
3332 4089 3514 4174 quod
3549 4111 3670 4174 pcr

964 4208 1213 4274 nullum
1268 4231 1490 4274 eorum
1548 4221 1805 4294 poterat
1866 4210 2000 4278 suis
2063 4212 2421 4278 renuntiari
2482 4213 2643 4296 quid
2705 4213 2932 4279 suisset
2993 4213 3082 4278 dc
3141 4211 3332 4280 sociis
3390 4211 3664 4276 sactum.
