4154 4895
1252 267 1365 322 LE
1407 266 1700 322 BAKER
1740 265 1863 321 DE
1904 264 2525 323 SWYNEBROKE.
3127 272 3246 339 147

543 470 1004 555 profundaque
1061 468 1253 534 vallis
1317 477 1386 533 et
1446 467 1779 547 mariscus,
1825 476 2120 533 torrente
2172 470 2466 551 quodam
2532 467 2832 552 irriguus·
2921 466 3038 533 Ad
3084 465 3248 532 satis
3283 479 3600 531 Aulam.

542 602 899 676 angustum
943 591 1189 656 vadum
1251 590 1563 674 principis
1628 600 1848 654 turma
1907 609 2057 654 cum
2104 590 2407 672 cariagiis
2465 599 2827 655 torrentem
2889 586 3248 673 preterivit,
3338 613 3382 662 t,
3403 608 3551 663 142⁹.

3653 525 3728 578 ts

542 734 941 799 egressaque
1000 712 1241 777 vallem
1304 721 1487 777 trans
1549 732 1739 795 sepes
1801 720 1870 776 et
1937 711 2147 776 fossas
2213 712 2522 795 ocupavit
2588 709 2846 789 collem,
2903 711 3014 775 ubi
3080 710 3253 775 inter

541 834 831 918 virgulta
861 834 1134 899 faciliter
1169 832 1626 899 occultabatur
1661 833 1788 897 loci
1833 832 2225 909 municione,
2260 831 2566 896 hostibus
2601 831 2802 898 alcior
2841 832 3266 899 incumbens,

549 956 860 1040 Campus,
906 957 974 1019 in
1019 976 1154 1038 quo
1200 954 1578 1020 residebant
1625 963 1848 1019 nostre
1908 955 2123 1037 prima
2182 955 2608 1037 secundaque
2651 954 2969 1033 custodia,
3014 952 3247 1018 distin-

543 1078 871 1161 guebatur
941 1098 982 1141 a
1048 1075 1330 1161 planicie
1405 1096 1607 1159 quam
1670 1076 1985 1159 ocupavit
2053 1076 2385 1142 exercitus
2457 1075 2750 1140 Francus
2815 1096 2973 1160 sepe
3047 1075 3249 1159 longa

543 1199 1035 1274 subterfossata,
1066 1200 1248 1264 cuius
1284 1198 1565 1264 alterum
1598 1210 1974 1264 extremum
2007 1198 2358 1263 declinavit
2393 1199 2457 1262 in
2504 1198 2853 1263 mariscum
2900 1197 3247 1281 prefatum.
3455 1244 3486 1266 0

547 1321 895 1386 Declivum
943 1322 1221 1385 marisco
1280 1320 1774 1386 incumbentem
1838 1320 2051 1385 tenuit
2110 1340 2335 1385 comes
2392 1318 2928 1403 Warewycensis,
2975 1320 3118 1383 dux
3178 1327 3247 1384 et

545 1443 923 1508 moderator
980 1442 1264 1525 agminis
1316 1441 1531 1525 primi.
1653 1442 1733 1505 In
1790 1441 2113 1525 superiori
2171 1449 2363 1524 parte
2422 1440 2615 1525 sepis,
2668 1461 2708 1504 a
2760 1439 3016 1504 declivo
3075 1441 3248 1505 bene

542 1567 819 1638 remota,
863 1559 987 1623 fuit
1031 1559 1304 1625 temesis
1347 1560 1637 1643 quedam
1683 1558 1915 1642 patula
1958 1557 2064 1622 vel
2109 1557 2372 1642 hyatuS,
2418 1578 2618 1640 quem
2674 1557 2905 1643 bigarii
2951 1556 3246 1622 fecerunt

545 1681 610 1744 in
672 1688 1062 1765 autumpno,
1108 1703 1148 1745 a
1208 1701 1344 1763 quo
1409 1690 1667 1744 remota
1729 1681 1902 1746 iactu
1958 1678 2199 1764 lapidis
2258 1678 2443 1744 stetit
2489 1688 2715 1744 nostra
2761 1679 2964 1743 tercia
3008 1688 3244 1754 turma,

543 1803 646 1867 cui
690 1822 915 1868 comes
963 1800 1487 1867 Saresburiensis
1532 1801 1929 1885 presidebat.
2023 1801 2297 1878 Hostes,
2340 1800 2642 1864 videntes
2687 1800 2993 1884 principis
3035 1799 3245 1897 vertil-

540 1922 679 1987 lum
741 1942 951 2007 nuper
1009 1922 1427 1988 manifestum
1487 1932 1589 1988 set
1650 1923 1962 2005 incipiens
2019 1921 2383 1988 successive
2455 1922 2776 1986 dimoveri
2845 1922 3245 2005 obiectuque
3283 1944 3520 1999 Advanoe

544 2044 788 2110 montis
847 2043 1105 2109 illorum
1165 2044 1372 2109 oculis
1414 2044 1748 2120 occultari,
1796 2044 2186 2109 estimarunt
2245 2043 2558 2128 principis
2594 2044 2839 2127 sugam,
2885 2042 3244 2109 reclaman-
3279 2012 3491 2129 3³:233,

541 2165 718 2229 tibus
765 2163 1079 2250 Dowglas
1126 2165 1333 2231 Scoto
1379 2177 1446 2231 et
1495 2164 1884 2231 marescallo
1936 2167 2021 2230 de
2086 2164 2515 2230 Claromonte
2576 2186 2708 2230 non
2754 2166 2849 2232 ita
2907 2165 3080 2243 fore;
3141 2175 3244 2230 set

541 2286 851 2371 opinione
895 2308 1014 2351 sua
1057 2288 1374 2371 deceptus
1421 2287 1839 2353 marescallus
1886 2287 2318 2367 Dawdenam,
2350 2297 2423 2353 ut
2456 2287 2905 2370 insequeretur
2933 2286 3244 2372 principis

540 2407 767 2492 fugam
814 2409 1200 2493 putativam,
1246 2419 1314 2475 et
1359 2429 1510 2476 cum
1571 2408 1688 2475 illo
1751 2407 2087 2493 Dowglas,
2133 2417 2207 2474 ut
2258 2418 2742 2493 promereretur
2784 2430 2955 2475 nove
2999 2408 3243 2476 milicie

540 2528 864 2613 fulgidum
905 2551 1164 2609 nomen,
1207 2541 1308 2597 set
1356 2530 1925 2611 ClaromontanuS,
1957 2541 2028 2597 ut
2074 2540 2478 2614 expurgaret
2521 2529 2982 2597 blasfematam
3031 2531 3241 2596 fideli-

539 2660 769 2726 tatem,
840 2663 1222 2717 veementer
1294 2653 1846 2737 progrediuntur;
1936 2652 2066 2717 illis
2142 2652 2316 2716 enim
2406 2660 2548 2716 erat
2637 2654 2850 2735 prima
2937 2654 3241 2718 custodia

539 2773 882 2856 deputata.
974 2774 1147 2840 Istos
1208 2786 1680 2858 precesserunt,
1748 2784 1823 2840 ut
1890 2774 2093 2839 moris
2161 2781 2279 2850 est,
2327 2773 2798 2849 astiludiaturi,
2852 2775 3091 2857 quibus
3157 2775 3242 2841 de

542 2895 756 2978 prima
798 2896 1102 2961 custodia
1153 2906 1397 2970 nostra,
1442 2899 1566 2962 sub
1627 2896 1882 2962 declivo
1928 2896 2033 2961 cui
2081 2888 2461 2973 residerant,
2507 2896 2942 2961 obviaverunt
2987 2897 3241 2980 equites

540 3017 767 3089 nostri,
789 3016 874 3082 ad
919 3016 1274 3082 hastiludia
1317 3017 1690 3103 specialiter
1732 3017 2036 3083 ordinati.
2131 3017 2662 3083 Hastiludiorum
2724 3018 2923 3083 finem
2969 3019 3244 3098 visurus,

541 3139 883 3223 suspendit
946 3158 1162 3233 suum¹
1199 3160 1582 3223 aggressum
1653 3138 2074 3205 marescallus
2150 3111 2632 3204 Davvdenham.
2741 3139 3013 3205 Interim
3086 3161 3246 3205 vero

543 3257 1118 3337 Claromontanus,
1163 3279 1437 3342 sperans
1483 3259 1794 3344 progredi
1840 3280 1959 3345 per
1993 3259 2300 3325 temesim
2331 3260 2511 3344 sepis
2540 3269 2607 3325 et
2639 3260 2920 3344 primam
2954 3269 3244 3326 nostram

538 3388 831 3445 coortem
897 3401 938 3444 a
981 3390 1172 3465 tergo
1233 3382 1717 3458 circumvenire,
1774 3380 2045 3447 obvium
2115 3381 2345 3447 habuit
2414 3381 2726 3447 comitem
2793 3379 3054 3459 Sarum,
3108 3381 3245 3465 qui,

541 3498 947 3584 prospiciens
1007 3475 1603 3567 Claromontanum
1664 3503 2061 3583 venientem,
2108 3504 2469 3586 prudenter
2527 3503 2898 3586 suspicatus
2958 3511 3058 3568 est
3104 3503 3245 3568 eius

542 3621 1003 3699 intencionem,
1050 3631 1117 3687 et
1165 3622 1255 3688 ita
1300 3622 1413 3706 qui
1445 3624 1786 3706 posteriori
1820 3634 2041 3689 nostre
2072 3625 2367 3689 custodie
2404 3624 2802 3707 presidebat,
2835 3634 2908 3689 ut
2941 3625 3243 3689 temesim

540 3740 840 3807 celeriter
906 3754 1220 3825 ocuparet
1295 3753 1364 3808 et
1431 3744 1659 3810 hostes
1729 3765 1771 3809 a
1845 3745 2128 3810 transitu
2204 3765 2322 3829 per
2399 3744 2547 3810 illac
2620 3753 2885 3825 artaret,
2961 3745 3243 3830 primam

452 3935 455 3938 ,
542 3837 1017 3946 ingruenciam'
1050 3864 1207 3929 belli
1267 3865 1657 3930 sustinebat.
1777 3864 1969 3931 Tunc
2029 3877 2436 3930 armatorum
2483 3866 2816 3931 oriebatur
2861 3867 3040 3931 dirus
3086 3888 3243 3933 con·

541 4003 806 4067 gressus
852 3959 1139 4078 lanceiiS,
1183 3985 1424 4069 gladiis
1468 3995 1672 4070 atque
1717 3987 2054 4052 securibus
2099 3987 2588 4053 dimicancium.
2679 3987 2826 4053 Nec
2869 3988 3081 4054 officia
3123 4011 3244 4054 sua

542 4105 865 4189 sagittarii
918 4108 1482 4190 pretermiserunt,
1528 4119 1650 4189 set,
1696 4110 2072 4175 insistentes
2130 4110 2356 4193 aggeri
2410 4118 2560 4174 tuto
2617 4129 2815 4194 supra
2873 4111 3117 4176 fossam
3176 4122 3245 4178 et

544 4225 716 4293 ultra
766 4247 1014 4312 sepem,
1059 4241 1419 4315 coegerunt
1476 4230 1756 4315 sagittas
1816 4232 2017 4296 armis
2071 4231 2464 4297 militaribus
2524 4232 2875 4315 prevalere,
2920 4233 3247 4318 quarellas

1789 4367 1911 4420 U2
