4154 4895
936 282 1020 348 30
1807 273 2296 329 clmoxlcox
2353 273 2459 329 CA
2469 272 2760 328 LFRJDJ

585 488 725 537 AD.
743 489 895 542 18²7.
939 469 1142 534 fuerat
1173 469 1597 536 commissum
1630 470 1984 537 autoritate
2016 471 2376 557 principali,
2422 486 2492 538 ut
2543 474 2604 536 in
2643 490 3126 556 quamcumque
3159 471 3338 555 regni
3374 471 3638 555 plagam

644 580 841 591 -—
936 592 1358 670 declinarent,
1412 592 1629 657 omnis
1683 592 2006 667 fortalicii,
2052 595 2248 659 castri
2303 615 2416 659 seu
2455 593 2627 671 ville,
2665 594 2984 677 quamdiu
3036 593 3196 677 ipsis
3242 593 3526 676 placeret
3573 604 3638 656 et

936 716 1505 796 quandocumque,
1547 715 1915 781 custodiam
1948 714 2282 791 haberent,
2315 716 2611 798 quolibet
2657 717 2742 781 de
2789 736 2991 797 regno
3033 715 3159 779 sub
3191 735 3360 799 pena
3404 713 3640 779 confis-

590 852 893 903 nelsuken
934 836 1221 900 cacionis
1250 857 1481 900 census
1508 848 1573 900 et
1605 837 1739 901 vite
1771 837 2057 921 proibito
2081 838 2530 902 contravenire
2549 836 2738 901 huius
2772 836 2861 900 rei
2889 838 3224 902 mandato.
3319 835 3640 900 Educitur

586 920 897 1033 {annila-rom:
935 958 1020 1020 de
1053 969 1244 1020 nocte
1276 978 1315 1020 a
1350 956 1819 1023 Kenelwortha
1864 958 2231 1023 Edwardus
2280 958 2446 1022 inter
2485 958 2801 1033 inimicos,
2841 977 3103 1023 securus
3144 959 3228 1023 de
3265 958 3402 1021 vita
3446 956 3638 1041 plena

583 1050 881 1166 fficffflssge
935 1076 1200 1153 doloris,
1261 1076 1476 1161 primo
1534 1080 1617 1143 ad
1680 1091 1970 1143 castrum
2031 1081 2117 1145 de
2178 1078 2355 1155 Corf,
2415 1079 2654 1144 deinde
2717 1078 3140 1153 Bristolliam,
3194 1078 3477 1142 reclusus
3523 1097 3640 1161 per

580 1182 844 1295 ffidss‘fflffl
937 1210 1199 1282 tempus
1256 1198 1507 1281 aliquot
1555 1200 1619 1263 in
1679 1212 1913 1275 castro,
1945 1221 2286 1284 quousque
2345 1200 2504 1265 illud
2553 1199 2718 1264 foret
2766 1200 3156 1282 quibusdam
3207 1198 3640 1281 burgensibus

586 1312 836 1377 Berkeley.
935 1320 1019 1383 de
1051 1320 1204 1384 villa
1237 1332 1486 1397 notum,
1515 1321 1629 1404 qui
1650 1323 1735 1386 ad
1770 1321 1972 1405 ipsius
2006 1321 2462 1387 liberacionem
2496 1333 2560 1385 et
2592 1321 3066 1386 abduccionem
3096 1320 3157 1383 in
3187 1333 3406 1404 partes
3425 1334 3636 1383 trans-

935 1441 1221 1505 marinas
1267 1462 1466 1524 quam
1522 1443 1799 1525 optabat
1846 1463 1917 1506 se
1969 1443 2450 1527 disponebant;
2498 1461 2777 1523 quorum
2825 1440 3174 1505 concilium
3227 1452 3296 1505 ut
3347 1440 3636 1523 primum

934 1561 1215 1625 innotuit
1248 1563 1628 1627 custodibus
1664 1562 1992 1639 Edwardi,
2020 1564 2146 1628 sub
2189 1559 2447 1627 noctis¹
2481 1561 2821 1627 cuiusdam
2868 1581 3080 1644 opaco
3116 1561 3387 1626 silencio
3422 1561 3638 1644 ipsum

645 1674 682 1721 ¹-
708 1675 824 1725 ¹⁰⁷·
930 1684 1014 1746 de
1050 1682 1196 1747 loco
1230 1682 1342 1747 illo
1387 1682 1796 1747 Berkeleiam
1837 1685 2279 1749 abduxerunt.
2372 1681 2866 1747 Inhumanitate
2913 1682 3147 1746 maiori
3180 1703 3381 1765 quam
3435 1681 3637 1745 ferina

934 1803 1336 1868 Edwardum
1368 1805 1468 1867 sui
1501 1815 1783 1869 tortoroe
1814 1816 2194 1881 tractavere,
2225 1804 2328 1870 cui
2368 1804 2664 1887 equitare
2709 1824 2839 1868 non
2874 1802 3112 1867 licebat
3157 1804 3274 1867 nisi
3309 1805 3393 1868 de
3426 1816 3637 1877 nocte,

582 1959 825 2023 numu„
931 1945 1049 1989 nec
1079 1924 1413 2008 aliquem¹
1456 1925 1695 2003 videre,
1725 1938 1823 1990 set
1864 1946 1981 1991 nec
2033 1926 2122 1991 ab
2169 1926 2303 1990 ullo
2345 1925 2546 1991 videri
2593 1925 2719 1989 sibi
2763 1923 3112 1990 amicabili.
3205 1924 3634 2007 Equitantem

581 2026 637 2073 of
660 2028 736 2073 hu

578 2092 795 2156 keepem
931 2046 1383 2129 compulerunt
1416 2045 1678 2110 exiliter
1713 2048 2013 2112 indutum
2056 2048 2272 2131 capud
2306 2047 2547 2111 habere
2571 2047 3078 2130 discoopertum,
3109 2045 3439 2109 volentem
3479 2046 3636 2108 dor·

933 2168 1093 2231 mire
1136 2188 1264 2232 non
1309 2168 1676 2251 permisere,
1729 2188 1859 2231 non
1906 2168 2134 2251 quales
2181 2168 2441 2233 volebat
2497 2178 2598 2232 set
2635 2168 2842 2250 quos³
2892 2167 3238 2231 nausiabat
3285 2166 3466 2231 cibos
3510 2164 3633 2248 ipsi

931 2310 1376 2373 preparavere,
1419 2288 1619 2351 verbo
1660 2310 1779 2353 suo
1832 2288 2096 2353 cuilibet
2150 2290 2629 2365 contradixere,
2675 2310 2988 2353 vesanum
3035 2312 3104 2353 se
3144 2310 3286 2352 esse
3339 2288 3636 2371 calump-

929 2410 1209 2485 niavere,
1258 2418 1345 2484 et,
1397 2419 1469 2474 ut
1523 2409 1803 2474 breviter
1851 2409 2261 2488 concludam,
2315 2411 2378 2475 in
2429 2410 2735 2476 omnibus
2788 2432 2905 2475 sue
2956 2410 3278 2475 voluntati
3331 2431 3402 2475 se
3460 2412 3636 2495 ipsos

927 2531 1291 2596 contrarios
1332 2530 1662 2606 exibuere,
1697 2543 1767 2596 ut
1816 2531 2054 2614 frigore
2099 2553 2210 2595 seu
2253 2531 2491 2614 vigiliis
2528 2532 2628 2596 vel
2663 2533 2826 2596 cibis
2864 2533 3314 2616 intemperatis
3351 2545 3462 2598 aut
3510 2531 3638 2596 fas·

930 2653 1147 2718 tiditis
1184 2652 1284 2716 vel
1332 2652 1551 2716 saltim
1602 2674 1716 2737 pre
1764 2652 2199 2719 melancolia⁴
2253 2654 2418 2719 alica
2479 2654 2809 2718 communi
2867 2653 3244 2718 infirmitate
3295 2669 3636 2738 correptus

927 2775 1317 2856 exspiraret.
1409 2773 1525 2837 Set
1564 2795 1603 2838 e
1640 2786 1867 2838 contra
1912 2774 2013 2838 vir
2059 2775 2122 2838 in
2170 2774 2579 2839 naturalibus
2609 2776 2861 2858 optime
2892 2777 3268 2859 dispositus,
3317 2774 3502 2840 fortis
3545 2777 3632 2838 ad

930 2895 1205 2966 labores,
1252 2905 1315 2957 et
1362 2895 1448 2959 ad
1498 2895 1830 2959 universos
1874 2895 2096 2976 gracia
2146 2895 2271 2958 Dei
2319 2895 2583 2980 paciens
2638 2894 3003 2978 languores,
3050 2916 3280 2959 omnes
3308 2897 3636 2960 versucias

930 3016 1435 3098 malignancium
1457 3027 1687 3081 natura
1707 3017 1805 3079 vel
1839 3017 2059 3100 gracia
2084 3017 2435 3101 superavit.
2525 3017 2866 3081 Venenum
2898 3018 3338 3101 quampluries
3366 3020 3634 3102 propin·

927 3149 1197 3201 averunt
1235 3158 1423 3201 servo
1456 3136 1581 3200 Dei
1618 3137 1894 3201 ministri
1930 3137 2156 3212 Belial,
2187 3140 2364 3221 quod
2398 3150 2510 3203 aut
2546 3137 2925 3204 fortitudine
2959 3138 3236 3202 naturali
3275 3142 3630 3212 evacuavit,

925 3260 1110 3322 sicud
1157 3258 1367 3321 solent
1414 3257 1527 3321 viri
1564 3271 1929 3342 temperate
1972 3258 2472 3343 complexionis,
2515 3261 2873 3323 secundum
2924 3257 3271 3323 Galienum
3322 3259 3384 3323 in
3431 3261 3635 3326 tercio

926 3379 1247 3463 simplicis
1296 3379 1633 3454 medicine,
1692 3391 1825 3456 aut,
1869 3381 2048 3462 quod
2087 3368 2310 3444 'verius
2352 3381 2569 3456 credo,
2617 3379 3040 3444 manifestiori
3089 3381 3384 3445 martirio
3441 3402 3632 3446 suum

926 3501 1364 3566 confessorem
1398 3498 1782 3564 Altissimus
1823 3501 2195 3564 reservavit.

1100 3620 1444 3685 Attcsiata
1504 3621 1868 3696 scribimus,
1926 3622 2112 3686 miles
2166 3624 2531 3696 reverende,
2583 3642 2712 3708 que
2761 3622 2904 3686 luce
2951 3621 3226 3686 clariore
3263 3621 3628 3688 intonarent

930 3741 1195 3814 mund0,
1244 3741 1297 3803 si
1352 3761 1481 3804 non
1530 3742 1729 3805 timor
1780 3741 2147 3806 emulorum
2208 3744 2376 3824 regis
2436 3742 2842 3807 devotissimi
2903 3742 3118 3808 adhuc
3163 3743 3632 3826 superstitum⁸

928 3863 1271 3925 veritatem
1322 3863 1567 3926 clarere
1622 3863 1971 3946 proiberet,
2026 3885 2155 3946 que
2217 3883 2346 3927 non
2409 3865 2648 3947 poterit
2711 3885 2972 3946 semper
3029 3864 3362 3928 occultari.
3452 3865 3628 3929 Tum

928 3983 1323 4046 abducitur‘
1383 3983 1763 4058 lidwarduS,
1802 3995 1870 4048 ut
1925 3985 2354 4068 prescriptum
2417 4000 2535 4060 ωε,
2581 4007 2805 4048 versus
2853 3984 3304 4067 lierlct·le)·am,
3347 3987 3632 4070 satrapis

1166 4153 1181 4186 ¹
1222 4167 1399 4210 nocte.
1442 4158 1503 4210 B.
1718 4155 1739 4189 '
1774 4157 2034 4228 aliquam.
2081 4159 2140 4212 Β.
2361 4156 2382 4190 ⁸
2418 4177 2574 4232 quas.
2621 4159 2679 4212 n.
2897 4159 2917 4186 ⁴
2955 4159 3298 4212 malencolta.
3341 4160 3403 4212 1³.

1636 4243 1657 4274 ⁸
1698 4247 2114 4314 supertisttturn.
2161 4248 2219 4300 B.
2567 4243 2588 4274 ⁸
2627 4247 2870 4300 abducit.
2913 4247 2973 4300 B.
