4154 4895
1244 290 1356 343 LE
1414 288 1707 343 BAKER
1760 286 1877 341 DE
1936 285 2560 342 SWYNEBROKE.
3175 295 3250 361 31

550 490 798 557 Satane
868 490 1176 573 equitans
1244 489 1554 573 stipatus.
1647 488 2004 551 Duxerunt
2077 485 2425 570 exemplar
2497 485 2827 569 paciencie
2886 504 3005 568 per
3063 503 3256 567 gran·
3295 503 3607 555 A.D.1827.

548 614 690 696 gias
755 623 972 678 castro
1033 610 1366 676 Bristollie
1429 610 1847 694 pertinentes,
1896 609 2010 672 ubi
2058 610 2144 673 de
2197 607 2346 672 seno
2393 606 2635 671 factam
2680 627 2991 672 coronam
3039 604 3256 689 capiti,

549 734 934 798 iamdudum
965 753 1084 816 per
1124 732 1343 798 oleum
1389 740 1688 796 sanctum
1735 740 2136 807 consecrato,
2169 730 2486 812 imposuit
2516 728 2801 792 nefarius
2832 727 2941 791 ille
2973 729 3058 792 de
3092 725 3255 791 Cor·
3295 736 3480 786 Insults

552 874 736 937 neye,
768 875 964 918 ausus
995 853 1374 937 contingere
1419 852 1736 917 christum
1771 851 1919 929 Dei,
1968 851 2071 915 cui
2117 849 2468 914 illudentes
2507 850 2744 933 yronia
2784 850 2980 913 nimis
3019 848 3258 913 acerba
3295 802 3555 931 ἓξὲξ

553 973 793 1039 milites
825 975 1132 1039 dixerunt
1163 999 1177 1039 :
1226 970 1464 1059 (tprut)
1496 972 1778 1050 ‘Avant,
1810 972 1933 1037 sire
1976 966 2234 1054 kynge,’
2268 972 2449 1053 quod
2496 980 2596 1035 est
2640 971 2857 1035 dictu:
2907 966 3257 1055 (pedens)¹

552 1098 568 1127 ‘
592 1095 896 1173 Procede,
927 1096 1197 1160 domine
1227 1090 1388 1161 rex?
1480 1095 1853 1159 Metuentes
1875 1092 2147 1175 maligni
2172 1113 2254 1156 ne
2274 1092 2519 1175 pariter
2538 1092 2783 1157 directe
2807 1091 3261 1156 incedentibus

553 1216 845 1281 obviaret
890 1216 1127 1298 aliquis
1174 1216 1426 1280 amicus
1480 1214 1792 1279 Edwardi
1830 1213 1935 1279 vel
1967 1235 2199 1278 manus
2245 1213 2609 1278 misericors
2641 1214 2856 1297 ipsum
2886 1212 3260 1290 liberatura,

554 1336 1039 1401 declinaverunt
1070 1338 1157 1402 ad
1193 1338 1545 1415 sinistram,
1576 1336 1946 1419 equitantes
1988 1356 2105 1419 per
2146 1335 2498 1403 mariscum
2543 1336 2629 1399 ad
2663 1334 2934 1399 fluvium
2980 1334 3260 1400 Sabrine

553 1459 997 1522 terminatum.
1090 1458 1415 1540 Ingeniati
1473 1469 1630 1522 sunt
1677 1457 1921 1520 inimici
1984 1456 2113 1520 Dei
2170 1453 2505 1538 quomodo
2569 1456 2974 1521 Edwardum
3035 1456 3260 1520 diffor-

555 1588 826 1653 marem,
860 1599 940 1642 ne
971 1577 1138 1644 soret
1170 1578 1448 1643 faciliter
1465 1588 1658 1643 notus
1688 1577 1914 1657 alicui;
1960 1578 2134 1642 unde
2166 1577 2368 1661 ipsius
2399 1577 2711 1641 cesariem
2743 1588 2882 1641 tam
2907 1577 3261 1662 capitalem

552 1719 755 1781 quam
814 1699 1090 1763 barbam
1137 1700 1498 1763 radendam
1544 1698 2038 1763 constituerunt.
2130 1698 2487 1762 Venientes
2540 1699 2817 1781 proinde
2868 1701 2955 1764 ad
3016 1700 3261 1764 fossam

554 1820 620 1883 in
659 1820 885 1884 itinere
914 1820 1401 1893 scaturientem,
1442 1821 1767 1885 iusserunt
1808 1808 2028 1903 ipsum
2075 1840 2224 1884 rasu
2270 1821 2681 1885 descendere.
2776 1819 2899 1884 Cui
2946 1821 3261 1885 assidenti
3302 1837 3386 1888 He
3407 1838 3452 1888 is
3542 1904 3553 1916 ·

554 1962 749 2024 super
800 1942 1141 2006 cuiusdam
1195 1940 1377 2024 talpe
1425 1940 1873 2017 monticulam,
1925 1940 2186 2024 pelvem
2242 1962 2392 2006 cum
2441 1960 2614 2023 aqua
2662 1940 2894 2024 frigida
2949 1943 3034 2006 de
3088 1942 3264 2007 fossa
3301 1903 3613 2020 ᾗῖθὲζᾝξ

555 2072 815 2145 recepta
852 2063 1074 2126 attulit
1121 2062 1582 2140 barbitonsor3
1628 2062 1730 2127 cui
1760 2072 1827 2127 et
1858 2061 2007 2126 aliis
2037 2062 2475 2126 asserentibus
2504 2063 2684 2145 quod
2730 2083 2901 2144 aqua
2947 2062 3100 2126 talis
3142 2084 3263 2146 pro

554 2192 711 2247 tunc
763 2183 1032 2247 deberet
1080 2183 1374 2247 sufficere
1422 2182 1517 2247 ait
1586 2182 1998 2247 Edwardum
2059 2182 2336 2247 ‘Velitis
2389 2182 2632 2261 nolitiS,
2692 2182 3085 2247 habebimus
3139 2204 3261 2267 pro

555 2303 761 2368 barba
821 2324 1026 2385 aquas
1083 2300 1370 2382 calidas:
1442 2314 1527 2383 et,
1585 2313 1659 2368 ut
1734 2304 2131 2386 promissum
2197 2304 2440 2368 veritas
2500 2315 3023 2386 consequeretur,
3084 2305 3261 2388 cepit

555 2424 816 2507 profuse
845 2423 1255 2491 illacrimare.
1348 2425 1488 2490 Ista
1527 2424 1688 2489 mihi
1731 2424 1949 2490 retulit
1985 2426 2210 2490 vivens
2258 2436 2409 2510 post
2461 2446 2770 2509 magnam
2812 2425 3262 2509 pestilenciam

554 2544 921 2610 Willelmus
953 2546 1262 2629 Bischop,
1310 2547 1423 2629 qui
1465 2547 1849 2612 ductoribus
1904 2547 2216 2612 Edwardi
2269 2546 2569 2631 prefuit2,
2607 2548 2781 2611 unde
2821 2546 3155 2611 confessus
3197 2557 3263 2611 et

556 2667 872 2732 contritus
904 2668 1186 2751 penituit
1217 2667 1344 2731 sub
1378 2688 1496 2750 spe
1529 2666 1975 2732 misericordie
2005 2668 2244 2733 divine.

727 2787 1032 2852 Tandem
1078 2790 1476 2853 devenerunt
1520 2789 1606 2853 ad
1654 2796 1942 2852 castrmn
1989 2788 2374 2872 Berkeleye‚
2417 2788 2530 2852 ubi
2577 2789 2909 2872 paciencie
2946 2809 3262 2853 exercens
3304 2796 3388 2846 He
3410 2797 3589 2847 arrives

602 2908 616 2923 ,
1624 2909 1638 2923 ,
1913 2910 1927 2923 ,
1963 2910 1977 2923 ,
2588 2910 2601 2924 ,
3300 2863 3610 2927 atBerkeley.

555 2918 866 2973 virtutem
910 2908 1211 2987 reclusus,
1257 2918 1331 2973 ut
1375 2919 1732 2986 anacorlta,
1773 2909 2013 2975 nobilis
2065 2910 2452 2984 Edwardus,
2490 2910 2623 2987 ubi,
2670 2930 2820 2974 cum
2869 2910 3068 2974 beato
3106 2910 3260 2992 Job,

557 3045 761 3109 regno
793 3025 1144 3109 temporali
1190 3025 1525 3107 spoliatuS,
1558 3027 1803 3090 nedum
1846 3047 1963 3109 per
2007 3025 2409 3110 alienigenas
2438 3035 2539 3090 set
2569 3047 2687 3109 per
2717 3047 3011 3105 uxorem,
3041 3047 3263 3090 servos

556 3157 623 3209 et
674 3146 959 3224 ancillas,
1007 3145 1336 3210 honorum
1373 3157 1440 3210 et
1493 3146 1800 3211 utilitatis
1848 3147 2144 3211 dominio
2198 3147 2511 3230 privatus,
2559 3148 2940 3230 expectavit
2988 3168 3262 3230 regnum

560 3277 857 3331 eternum
889 3287 1012 3350 pro
1043 3277 1321 3332 terreno.
1415 3265 1615 3333 Uxor
1658 3267 1798 3331 eius
1841 3266 2147 3345 Isabella‚
2191 3268 2619 3351 impacienter
2661 3266 2870 3332 serens
2912 3269 3091 3350 quod
3124 3269 3263 3333 vita
3301 3281 3401 3332 His
3423 3282 3572 3359 death

553 3390 657 3453 sui
704 3389 942 3468 mariti,
988 3389 1236 3472 quem³
1281 3388 1557 3453 nimium
1618 3389 1846 3467 odivit,
1907 3398 2046 3455 erat
2107 3388 2201 3454 ita
2261 3391 2374 3454 diu
2434 3388 2778 3473 protelata,
2842 3390 3263 3471 conqueritur
3299 3348 3604 3464 ggtermmed

559 3510 875 3593 magistro
927 3530 1049 3573 suo
1105 3508 1595 3587 Herefordensi‚
1643 3509 1895 3594 fingens
1945 3511 2072 3575 sibi
2124 3510 2428 3594 sompnia
2482 3510 2768 3593 pessima
2813 3510 3262 3593 interpretatu,

558 3632 745 3704 unde,
779 3630 963 3694 sicud
1002 3650 1156 3698 vera
1202 3630 1396 3707 dixit,
1431 3630 1554 3694 sibi
1594 3630 1818 3695 timuit
1864 3651 1947 3695 ne
1982 3631 2082 3694 vir
2125 3652 2299 3705 suu3‚
2345 3630 2702 3713 aliquando
2740 3630 3048 3712 dignitati
3095 3631 3263 3713 pris-

557 3751 694 3815 tine
725 3750 1080 3826 restitutus,
1107 3742 1320 3835 ipsam
1351 3760 1696 3835 tamquam
1728 3752 2153 3834 proditricem
2178 3752 2435 3835 ignibus
2465 3761 2578 3816 aut
2610 3751 2910 3815 servituti
2941 3763 3264 3835 perpetue

558 3873 969 3955 dampnaret.
1061 3871 1434 3956 Episcopus
1463 3872 1695 3951 eciam,
1726 3872 1859 3938 lese
1899 3873 2077 3957 regie
2123 3873 2506 3957 magestatis
2536 3873 2660 3936 sibi
2693 3872 3004 3947 consciuS‚
3042 3873 3262 3937 timuit

557 3993 684 4058 hoc
714 3992 890 4057 idem
929 3994 1108 4074 quod
1143 3992 1442 4058 Isabella.
1530 3992 1842 4059 Aliorum
1888 4016 2019 4060 non
2059 3995 2273 4059 minus
2317 3994 2405 4059 ob
2435 3993 2714 4057 eandem
2746 4013 3012 4058 causam
3053 3994 3262 4058 inten-

558 4114 837 4179 debatur
896 4125 1126 4192 metus,
1187 4135 1357 4198 quos
1437 4117 1746 4181 adversus
1812 4116 2178 4180 Dominum
2238 4126 2304 4180 et
2363 4116 2675 4181 adversus
2741 4114 3059 4179 christum
3125 4115 3263 4181 eius

982 4249 1000 4282 ¹
1039 4251 1335 4324 pepedenS.
1377 4253 1439 4306 B.
1769 4250 1792 4283 ²
1827 4252 2061 4325 prebuit.
2102 4254 2165 4307 B.
2487 4248 2508 4281 ⁸
2546 4268 2731 4321 quam.
2771 4253 2835 4306 B.
