4154 4895
1281 325 1391 380 LE
1452 326 1741 381 BAKER
1797 323 1919 380 DE
1976 324 2599 384 SWYNEBROKE.
3207 339 3292 406 33

585 527 924 606 munitam,
970 527 1036 590 in
1082 526 1529 592 testimonium
1569 529 1652 592 de
1699 528 1990 611 ipsorum
2035 548 2352 593 consensu
2399 527 2517 620 eiis
2561 527 3004 593 ostenderunt.
3096 527 3292 613 Epis·
3329 545 3470 594 Am.
3483 546 3642 598 182⁷.

582 649 791 714 tolam
836 649 1181 732 episcopus
1227 669 1358 714 non
1404 650 1744 726 recusavit,
1790 661 1892 714 set
1949 670 2137 713 suam
2190 661 2256 714 et
2309 650 2591 714 aliorum
2646 648 3127 731 confitebatur3
3189 660 3293 716 set
3383 633 3586 650 ⁶-—

584 769 1138 853 interpretabatur
1191 769 1372 833 illam
1426 771 1512 834 ad
1571 790 1834 834 sensum
1881 770 2259 835 innocencia
2305 781 2373 834 et
2421 768 2740 835 fidelitate
2786 770 3290 854 impregnatam,

580 900 680 953 set
735 890 933 973 ips03,
985 901 1331 973 tamquam
1389 890 1588 955 falsos
1631 911 1900 954 suarum
1961 890 2299 955 literarum
2354 891 2769 976 expositores
2805 900 2874 955 et
2929 892 3290 957 innocentis

580 1010 934 1076 autoritate
963 1012 1231 1095 propria
1268 1011 1477 1075 malos
1513 1019 1920 1089 tractatoreS‚
1953 1013 2146 1076 minis
2170 1011 2567 1077 terribilibus
2597 1021 2664 1076 et
2696 1012 2874 1095 ipsos
2897 1010 2916 1043 ¹
2954 1012 3019 1075 in
3061 1012 3287 1096 fugam

581 1132 902 1197 coacturis
922 1130 948 1169 ²
977 1131 1266 1215 affligere
1301 1153 1432 1196 non
1470 1133 1790 1198 cessabat.
1886 1133 2034 1197 Hec
2066 1134 2150 1197 de
2183 1133 2370 1196 litera
2400 1132 2784 1198 sofisticata.

753 1252 870 1317 Ad
908 1263 1197 1318 castrum
1229 1253 1763 1338 prenominatum
1795 1255 2032 1319 ductus
2057 1226 2367 1318 dominus
2400 1253 2764 1319 Edwardus
2797 1275 2916 1338 per
2945 1255 3286 1319 dominum

580 1373 758 1438 feodi
802 1374 1137 1439 Thomam
1170 1376 1257 1440 de
1302 1374 1671 1459 Berkeleye
1715 1376 1927 1441 fuerat
1993 1376 2371 1440 humaniter
2421 1385 2491 1441 et
2533 1376 2823 1458 benigne
2868 1386 3174 1460 receptus
3219 1386 3288 1441 et

578 1506 915 1569 tractatus,
962 1506 1081 1575 set,
1125 1507 1282 1581 post
1343 1497 1795 1581 recepcionem
1840 1497 2140 1582 epistole,
2184 1496 2461 1581 predicti
2523 1506 2958 1562 exercuerunt
3003 1504 3288 1562 tortores

582 1615 895 1682 Edwardi
927 1616 1054 1681 illis
1091 1616 1514 1683 commissam
1545 1627 1952 1702 potestatem
1983 1617 2071 1683 de
2100 1618 2313 1684 tutela
2355 1618 2571 1683 castri.
2665 1618 2941 1683 Iubetur
2982 1619 3288 1701 protinus

577 1734 877 1802 Thomas
937 1739 1023 1802 de
1080 1737 1446 1820 Berkeleye
1505 1739 1794 1803 nullam³
1846 1760 1998 1806 cum
2048 1739 2384 1804 Edwardo
2443 1738 2690 1803 habere
2748 1738 3283 1816 familiaritatem,
3322 1756 3633 1808 Thomasde

577 1857 762 1923 cuius
820 1878 955 1923 non
1015 1858 1232 1923 solum
1298 1858 1619 1942 penitens,
1676 1868 1778 1923 set
1821 1861 2233 1924 verecundus
2281 1859 2462 1941 quod
2521 1858 2647 1922 sibi
2705 1858 2828 1923 fuit
2879 1857 3281 1942 denegatum
3320 1820 3581 1938 mg„

579 1977 790 2043 facere
849 1980 1028 2062 quod
1072 1978 1274 2049 vellet
1334 1989 1403 2045 et
1462 1980 1643 2061 quod
1702 1989 1901 2046 antea
1961 1981 2045 2045 de
2107 1981 2246 2045 iure
2303 1979 2550 2059 liceret,
2616 1980 2886 2043 domino
2947 1979 3283 2045 Edwardo
3320 1954 3618 2072 ἰξξξζοξίιξω

579 2097 863 2163 finaliter
891 2119 1042 2164 cum
1073 2100 1370 2184 suspiriis
1400 2099 1708 2178 salutat0,
1744 2101 1831 2165 ad
1868 2099 1999 2166 alia
2029 2123 2148 2166 sua
2181 2100 2328 2166 loca
2359 2099 2872 2183 transmigravit.
2961 2099 3154 2165 Tunc
3184 2101 3281 2164 in·
3319 2085 3462 2151 ¹⁶¹¹ss-

578 2221 755 2303 cepit
786 2220 1097 2284 Edwardi
1130 2222 1650 2285 consummativa
1682 2221 2074 2305 persecuci0,
2098 2223 2396 2303 adusque
2427 2222 2526 2285 sui
2554 2231 2840 2286 mortem
2872 2222 3280 2286 continuata.

581 2338 801 2405 Primo
832 2361 1071 2425 nempe
1101 2331 1421 2406 reclusum
1469 2341 1535 2404 in
1567 2361 1826 2406 camera
1871 2343 2204 2408 tutissima
2234 2363 2352 2426 per
2394 2343 2850 2408 exalacionem
2882 2343 3279 2407 cadaverum
3319 2351 3533 2402 Edward
3555 2353 3599 2404 is

579 2461 647 2525 in
676 2461 1064 2527 subcellario
1107 2464 1475 2547 positorum
1524 2463 1742 2547 ipsum
1778 2473 2106 2528 torserunt
2138 2486 2256 2548 per
2281 2463 2525 2530 multos
2559 2465 2701 2529 dies
2741 2484 2912 2548 pene
2950 2484 3157 2547 usque
3192 2464 3279 2529 ad
3315 2417 3617 2549 Ξοέξςῗιοιᾱωω

576 2581 1100 2649 suffocacionem.
1192 2583 1395 2650 Unde
1430 2583 1710 2649 fetorem
1747 2583 1931 2648 illurn
1978 2582 2484 2650 intollerabilem
2527 2585 2729 2649 fuisse
2772 2604 3013 2668 penam
3062 2585 3278 2648 maxi·
3316 2550 3596 2668 &mm

577 2723 757 2767 mam
787 2725 991 2788 quam
1032 2725 1325 2788 unquam
1355 2705 1664 2769 sustinuit
1698 2706 1786 2770 ad
1832 2706 2186 2771 fenestram
2233 2726 2490 2771 camere
2536 2695 2666 2771 uffa
2710 2706 2962 2770 dierum
3008 2725 3278 2789 carpen-

578 2824 758 2889 tariis
787 2826 873 2889 ad
905 2834 1100 2891 extra
1127 2824 1583 2890 laborantibus
1612 2847 1838 2891 servus
1871 2827 2000 2890 Dei
2032 2826 2400 2910 deplanxit.
2469 2827 2797 2891 Videntes
2828 2826 3069 2891 tiranni
3099 2826 3278 2909 quod
3316 2818 3571 2935 gffiered

574 2944 717 3009 viro
747 2946 1203 3011 strenuissimo
1244 2967 1377 3011 non
1423 2957 1651 3029 posset
1696 2968 1815 3030 per
1853 2948 2134 3013 fetorem
2167 2969 2345 3013 mors
2388 2946 2745 3032 prevalere,
2775 2957 2989 3022 nocte,
3020 2946 3278 3012 decima
3319 2965 3376 3002 ²²
3402 2950 3539 3017 Sept.
3574 2919 3594 2945 ⁰

566 3065 895 3132 kalendas
926 3067 1256 3144 OctobriS,
1288 3067 1355 3131 in
1398 3067 1573 3133 lecto
1604 3069 1963 3133 cubantem
1994 3068 2220 3134 subito
2259 3079 2755 3152 preocupatum,
2787 3089 2938 3133 cum
2980 3067 3278 3150 pulvina-

576 3187 757 3252 ribus
805 3188 1065 3272 magnis
1115 3197 1317 3272 atque
1368 3189 1551 3272 gravi
1604 3187 1780 3253 mole
1825 3182 2117 3272 'amplius
2170 3210 2373 3272 quam
2426 3189 2805 3272 quindecim
2853 3189 3279 3253 robustorum

574 3308 788 3392 ipsum
818 3329 1210 3393 oppressum
1236 3319 1303 3374 et
1326 3308 1765 3392 subfocatum,
1788 3330 1940 3375 cum
1970 3310 2143 3375 ferro
2174 3309 2526 3394 plumbarii
2558 3311 2818 3375 incense
2850 3309 3058 3391 ignito
3095 3318 3278 3372 trans

573 3430 805 3494 tubam
835 3428 1148 3496 ductilem
1178 3431 1266 3495 ad
1298 3430 1657 3514 egestionis
1702 3438 1926 3514 partes
1958 3441 2245 3497 secretas
2275 3431 2678 3516 applicatam
2717 3430 3016 3494 membra
3056 3429 3280 3512 spirit-

572 3549 705 3615 alia
740 3546 895 3634 post
933 3551 1272 3616 intestinas
1323 3550 1846 3630 combusserunt,
1877 3561 2187 3616 caventes
2237 3572 2338 3632 ne,
2369 3550 2608 3618 wlnere
2656 3552 2726 3613 in
2771 3550 2953 3633 regio
2999 3569 3279 3631 corpore

573 3672 689 3736 ubi
719 3670 938 3736 solent
966 3670 1207 3736 wlnera
1240 3672 1475 3755 requiri
1500 3693 1620 3757 per
1649 3672 1936 3755 aliquem
1963 3673 2219 3739 iusticie
2239 3675 2526 3739 amicum
2552 3679 2835 3756 repert0,
2865 3671 2964 3735 sui
2990 3680 3277 3736 tortores

572 3792 660 3856 de
688 3791 941 3857 lesione
972 3792 1319 3857 manifesta
1352 3793 1749 3877 respondere
1768 3802 1970 3877 atque
1999 3815 2123 3877 pro
2148 3794 2259 3858 illa
2287 3814 2530 3879 penam
2561 3793 2779 3858 subire
2798 3791 3012 3857 forent
3041 3791 3275 3856 coacti.

744 3910 1001 3977 Taliter
1045 3913 1343 3978 obruitur
1402 3912 1593 3979 miles
1651 3915 2158 3991 strenuissimus,
2208 3916 2448 3980 emisso
2501 3912 2806 3988 clamore,
2852 3911 3274 3977 audientibus

573 4034 736 4100 infra
766 4043 1056 4099 castrum
1098 4045 1167 4101 et
1198 4046 1391 4099 extra
1432 4036 1592 4101 satis
1622 4047 1785 4101 noto
1816 4037 1995 4119 quod
2026 4046 2203 4101 esset
2231 4036 2593 4100 violentam
2625 4043 2906 4098 mortem
2932 4032 3272 4117 pacientiS.

574 4152 846 4220 Clamor
899 4155 1011 4219 ille
1057 4156 1425 4239 expirantis
1473 4157 1716 4222 multos
1763 4159 1849 4222 de
1896 4156 2271 4241 ’Berkeleya
2314 4167 2384 4223 et
2419 4156 2743 4239 quosdam
2789 4154 2874 4220 de
2916 4164 3154 4228 castro,
3199 4163 3273 4220 ut

924 4306 944 4339 ¹
982 4309 1151 4380 ipsas.
1191 4311 1254 4366 B.
1704 4311 1726 4344 ²
1761 4311 2045 4368 coactiviS.
2073 4313 2140 4368 B.
2566 4307 2588 4340 ⁸
2625 4308 2811 4364 ullam.
2851 4309 2916 4364 B.

1899 4432 1941 4483 F
