4154 4895
966 263 985 308 1
1000 264 1085 330 34
1839 252 2332 311 CHRONICON
2375 252 2788 310 GALFRIDI

604 470 916 522 Lanu.
954 449 1231 516 divitem
1307 460 1375 516 et
1438 448 1695 533 largum
1755 462 1959 535 atque
2024 452 2362 517 civitatem
2424 451 2677 536 optime
2739 461 3064 515 muratam
3126 450 3426 516 currebat
3485 469 3666 533 aqua

618 1428 677 1467 io
700 1416 831 1468 Nov.

672 2279 710 2327 t.
732 2274 877 2332 187⁸.

616 2409 673 2447 n
700 2395 833 2450 nov.

621 3508 677 3556 13
746 3529 778 3550 η

952 591 1086 656 que
1114 581 1387 638 vocatur
1420 570 1639 645 Aude,
1668 571 1937 637 veniens
1974 593 2015 637 a
2053 571 2442 637 Carkasona
2488 582 2556 637 et
2601 571 3010 637 descendens
3041 570 3106 634 in
3141 591 3320 636 mare
3354 569 3666 645 Grecum,

954 692 1138 776 quod
1167 691 1427 756 duabus
1460 690 1662 756 leucis
1691 691 1898 758 distat
1933 713 1975 758 a
2022 692 2362 757 Narbona.
2455 689 2639 757 Inter
2683 691 3018 757 civitatem
3066 700 3135 756 et
3181 691 3463 773 burgum
3510 700 3666 756 sunt

955 813 1090 877 duo
1121 822 1360 898 pontes
1392 813 1631 897 petrini
1662 824 1730 878 et
1760 813 1999 879 tercius
2029 814 2114 878 de
2158 813 2495 891 meremio,
2526 812 2739 877 altero
2776 812 3034 897 petrino
3071 832 3194 896 pro
3233 811 3614 877 vecturariis
3641 808 3660 847 ¹

954 933 1363 999 diversorum
1399 934 1977 1000 mercimoniorum
2010 935 2182 1000 bene
2219 933 2548 1001 edificato.
2639 933 2953 1017 Princeps
2975 930 3001 970 ²
3035 932 3100 997 in
3142 932 3348 997 domo
3387 931 3664 997 fratrum

954 1053 1149 1119 beate
1204 1054 1416 1119 Marie
1469 1055 1555 1119 de
1610 1052 1921 1121 Carmelo
1968 1055 2092 1122 suit
2138 1058 2513 1139 ospitatus;
2572 1065 2675 1120 set
2720 1074 2840 1139 per
2886 1064 3102 1119 totam
3165 1064 3428 1118 noctem
3478 1064 3546 1117 et
3599 1054 3664 1116 in

954 1175 1244 1240 crastino
1290 1176 1593 1259 sequenti
1652 1176 1903 1241 civibus
1952 1197 2104 1242 cum
2159 1176 2453 1242 exercitu
2499 1175 2758 1240 balistis
2802 1186 2870 1240 et
2915 1173 3063 1238 aliis
3109 1173 3428 1239 machinis
3471 1174 3666 1238 dimi·

956 1296 1260 1362 cantibus
1279 1294 1324 1374 ⁸,
1358 1296 1583 1362 multis
1626 1318 1714 1361 ex
1762 1308 2039 1381 utraque
2088 1308 2276 1380 parte
2320 1297 2649 1373 sauciatis,
2695 1295 2988 1360 nonnulli
3036 1295 3440 1360 interierunt.
3535 1294 3664 1359 Die

960 1416 1217 1494 Martis,
1267 1418 1479 1500 burgo
1523 1437 1643 1502 per
1696 1417 1914 1501 ignem
1967 1417 2378 1483 inflammato
2429 1438 2548 1503 per
2596 1416 2880 1483 cararias
2936 1416 3261 1491 ardentes,
3314 1415 3668 1489 exercitus,

958 1537 1291 1623 profectus
1340 1538 1429 1602 ad
1482 1548 1863 1618 torrentem,
1914 1539 2126 1623 ipsum
2179 1541 2242 1603 in
2298 1539 2597 1623 pluribus
2649 1538 2809 1603 locis
2867 1537 3342 1613 transmeavit3
3411 1536 3476 1601 in
3527 1556 3665 1619 quo

956 1658 1234 1723 transitu
1275 1658 1408 1722 due
1435 1658 1759 1743 quadrige
1797 1658 2048 1725 domini
2097 1660 2406 1744 principis
2450 1659 2707 1725 suerunt
2747 1679 2864 1744 per
2908 1658 3083 1724 cives
3126 1656 3418 1722 defracte
3462 1666 3530 1721 et
3575 1658 3662 1721 ad

960 1798 1272 1862 magnum
1304 1779 1669 1863 dampnum
1701 1781 2082 1863 depredate.
2177 1781 2485 1864 Princeps
2515 1775 2876 1866 ospitatur⁴
2906 1779 2993 1844 ad
3019 1778 3243 1843 villam
3273 1787 3341 1842 et
3372 1790 3662 1843 astrum

956 1900 1042 1965 de
1074 1898 1389 1964 Ambian.
1482 1900 1611 1964 Die
1657 1900 1981 1977 Mercurii,
2028 1901 2273 1967 scilicet
2321 1903 2386 1967 in
2433 1902 2603 1967 sesto
2647 1901 2856 1966 sancti
2907 1899 3197 1975 Martini,
3229 1920 3344 1983 per
3387 1896 3660 1981 longum

960 2021 1086 2085 iter
1144 2032 1210 2085 et
1271 2020 1540 2099 malum,
1600 2034 1701 2087 set
1764 2022 1952 2106 equis
2010 2023 2324 2107 precipue
2383 2023 2693 2088 nocivum
2757 2020 2916 2106 quia
2975 2028 3336 2106 petrosum,
3395 2030 3464 2085 et
3523 2018 3664 2083 sine

958 2141 1165 2224 aquis,
1189 2139 1335 2207 aliis
1379 2143 1589 2207 eciam
1636 2143 2047 2221 victualibus,
2084 2144 2235 2227 equi
2284 2164 2403 2227 pro
2447 2143 2638 2227 aquis
2683 2151 3000 2228 potarunt
3030 2141 3277 2215 vinum,
3306 2150 3394 2213 et,
3414 2139 3479 2204 in
3510 2140 3666 2203 vino

960 2261 1124 2327 cibis
1175 2263 1397 2337 coctiS,
1451 2263 1608 2327 nihil
1664 2262 1986 2346 liquidum
2035 2266 2157 2328 nisi
2209 2264 2434 2328 vinum
2488 2274 2604 2329 aut
2658 2260 2932 2328 oleum⁶
2977 2260 3442 2347 reperiebatur.
3533 2260 3664 2325 Die

964 2383 1139 2447 Iovis
1184 2382 1595 2450 Teodoricus
1642 2383 1833 2462 Dale,
1863 2386 2172 2452 ostiarius
2214 2406 2475 2452 camere
2518 2383 2771 2450 domini
2818 2383 3147 2469 principis,
3177 2381 3380 2447 fiebat
3427 2382 3662 2458 mileu

959 2516 1027 2569 et
1102 2505 1496 2570 transierunt
1573 2506 1818 2571 bonam
1876 2508 2102 2573 villam
2163 2517 2468 2573 vocatam
2533 2505 2785 2578 Ulmes,
2847 2505 2958 2569 ubi
3019 2503 3399 2589 precedenti
3469 2519 3664 2569 noete

959 2624 1217 2689 suerunt
1237 2626 1503 2709 ospitati
1535 2627 1826 2692 officiarii
1858 2629 2119 2694 comitis
2150 2628 2684 2702 Arminiacensis,
2718 2625 2934 2691 media
2965 2626 3266 2691 custodia
3297 2625 3382 2688 ad
3417 2625 3662 2690 bonam

960 2744 1186 2809 villam
1216 2747 1478 2812 comitis
1507 2748 1595 2813 de
1628 2747 1869 2824 Insula,
1900 2760 2207 2815 vocatam
2241 2748 2473 2832 Aryle,
2503 2749 2815 2832 ospitata.
2883 2745 3190 2830 Princeps
3218 2745 3399 2830 apud
3431 2745 3664 2808 fratres

964 2865 1255 2931 Minores
1287 2870 1725 2950 pernoctavit3
1772 2871 1881 2934 ubi
1917 2891 2158 2953 magna
2189 2868 2650 2936 habundancia
2682 2868 2812 2933 vini
2849 2868 3145 2942 muscati,
3173 2887 3296 2952 pro
3326 2867 3664 2932 comitissa

960 2987 1046 3051 de
1096 2986 1315 3051 Insula
1349 2988 1412 3052 in
1444 2989 1720 3055 cellariis
1763 2992 2067 3076 reposita,
2098 2991 2307 3056 suerat
2339 3001 2620 3056 vastata.
2714 2988 2840 3053 1110
2881 2988 2988 3052 die
3027 2987 3286 3052 fuerant
3326 2989 3666 3052 destructa

964 3109 1139 3172 bona
1170 3107 1323 3173 villa
1354 3110 1438 3174 de
1474 3110 1764 3196 Pypious
1804 3123 1871 3177 et
1914 3113 2054 3177 eius
2098 3125 2386 3177 castrum
2420 3120 2728 3177 vocatum
2781 3109 3086 3184 Redotc;
3130 3119 3198 3174 et
3244 3110 3664 3194 discoopera·

964 3241 1142 3294 tores
1192 3229 1601 3295 inimicorum
1655 3234 1831 3316 capti
1887 3234 2251 3298 retulerunt
2309 3233 2488 3317 quod
2557 3232 2954 3296 Francorum
3010 3229 3534 3295 constabularius
3597 3243 3662 3294 et

962 3371 1188 3416 comes
1220 3350 1739 3419 Arminiaccnsis
1771 3355 1833 3418 in
1864 3355 2136 3418 eiisdem
2158 3353 2328 3418 villis
2351 3355 2394 3430 ⁶,
2416 3354 2526 3417 ubi
2551 3353 2882 3417 exercitus
2914 3351 3344 3434 pernoctavit,
3365 3353 3664 3414 intendo

966 3473 1131 3536 bant
1191 3485 1631 3558 pernoctasse.
1724 3476 1851 3539 Dic
1910 3474 2183 3538 Veneris
2241 3476 2590 3550 exercitus,
2653 3472 2983 3558 profectus
3032 3493 3150 3558 per
3210 3471 3478 3554 longum
3543 3473 3666 3534 iter

972 3603 1310 3678 petrosum
1372 3607 1437 3659 et
1501 3594 1914 3679 inaquosum,
1974 3597 2396 3680 ospitabatur
2467 3596 2648 3680 apud
2721 3594 3085 3677 Lamyane‚
3145 3603 3244 3656 set
3310 3593 3482 3657 male
3543 3615 3666 3678 pro

968 3714 1239 3797 penuria
1284 3715 1606 3779 domuum
1653 3729 1717 3781 et
1766 3736 2109 3800 aquarum.
2199 3715 2501 3781 Sabbato
2547 3725 2943 3780 revertentes
2988 3735 3215 3778 versus
3245 3713 3666 3788 vasconiam,

972 3835 1372 3919 reliquerunt
1403 3856 1444 3900 a
1475 3837 1733 3901 dextris
1772 3837 2088 3921 piscinam
2130 3837 2214 3902 dc
2251 3836 2514 3901 Escbon
2559 3848 2627 3901 et
2674 3835 3130 3900 Carkasonam
3177 3843 3244 3899 et
3277 3847 3493 3898 totum
3543 3837 3670 3898 iter

965 3956 1334 4041 pristinum,
1386 3968 1453 4022 et
1509 3958 2019 4024 retro-custodia
2072 3959 2487 4042 ospitabatur
2535 3958 2713 4044 apud
2777 3959 3020 4022 bonam
3073 3955 3298 4021 villam
3357 3970 3664 4022 voutam

1284 4135 1299 4166 ¹
1340 4134 1603 4190 vituariis.
1646 4137 1709 4191 Β.
2064 4135 2086 4168 ¹
2127 4135 2427 4208 Principes.
2471 4138 2531 4192 Β.
2889 4133 2910 4165 ’
2945 4147 3000 4191 et
3027 4133 3215 4190 dimie.
3257 4135 3320 4190 Β.

1284 4221 1303 4252 ⁶
1339 4223 1595 4293 ospitatu-
1638 4226 1704 4280 Β.
2070 4222 2092 4254 ⁸
2127 4225 2316 4279 olium.
2359 4227 2421 4279 Β.
2887 4221 2906 4250 ⁸
2946 4221 3087 4278 ville.
3129 4222 3192 4276 B.
