<?xml version="1.0" encoding="UTF-8"?>
<!DOCTYPE html PUBLIC "-//W3C//DTD XHTML 1.0 Transitional//EN"
    "http://www.w3.org/TR/xhtml1/DTD/xhtml1-transitional.dtd">
<html xmlns="http://www.w3.org/1999/xhtml" xml:lang="en" lang="en">
 <head>
  <title>
</title>
<meta http-equiv="Content-Type" content="text/html;charset=utf-8" />
  <meta name='ocr-system' content='tesseract 3.04.00' />
  <meta name='ocr-capabilities' content='ocr_page ocr_carea ocr_par ocr_line ocrx_word'/>
</head>
<body>
  <div class='ocr_page' id='page_1' title='image "./chronicongalfri01thomgoog_0150.png"; bbox 0 0 4154 4895; ppageno 0'>
   <div class='ocr_carea' id='block_1_1' title="bbox 944 230 2766 293">
    <p class='ocr_par' dir='ltr' id='par_1_1' title="bbox 944 230 2766 293">
     <span class='ocr_line' id='line_1_1' title="bbox 944 230 2766 293; baseline -0.001 -1"><span class='ocrx_word' id='word_1_1' title='bbox 944 230 1064 293; x_wconf 84' lang='lat'>118</span> <span class='ocrx_word' id='word_1_2' title='bbox 1825 236 2316 293; x_wconf 81' lang='lat' dir='ltr'><em>CHRONICON</em></span> <span class='ocrx_word' id='word_1_3' title='bbox 2355 235 2766 291; x_wconf 75' lang='lat' dir='ltr'><em>GALFRJDI</em></span> 
     </span>
    </p>
   </div>
   <div class='ocr_carea' id='block_1_2' title="bbox 586 436 3644 525">
    <p class='ocr_par' dir='ltr' id='par_1_2' title="bbox 586 436 3644 525">
     <span class='ocr_line' id='line_1_2' title="bbox 586 436 3644 525; baseline 0.002 -25"><span class='ocrx_word' id='word_1_4' title='bbox 586 440 897 492; x_wconf 68' lang='lat' dir='ltr'>A-D·2³⁸²·</span> <span class='ocrx_word' id='word_1_5' title='bbox 936 436 1311 522; x_wconf 60' lang='lat' dir='ltr'>quesierunt</span> <span class='ocrx_word' id='word_1_6' title='bbox 1349 437 1437 502; x_wconf 88' lang='lat' dir='ltr'>ab</span> <span class='ocrx_word' id='word_1_7' title='bbox 1473 436 1794 521; x_wconf 86' lang='lat' dir='ltr'>ingressis,</span> <span class='ocrx_word' id='word_1_8' title='bbox 1826 436 1937 521; x_wconf 91' lang='lat' dir='ltr'>qui</span> <span class='ocrx_word' id='word_1_9' title='bbox 1969 450 2035 502; x_wconf 86' lang='lat' dir='ltr'>et</span> <span class='ocrx_word' id='word_1_10' title='bbox 2076 436 2280 515; x_wconf 90' lang='lat' dir='ltr'>cuius,</span> <span class='ocrx_word' id='word_1_11' title='bbox 2311 458 2426 502; x_wconf 90' lang='lat' dir='ltr'>seu</span> <span class='ocrx_word' id='word_1_12' title='bbox 2461 457 2742 521; x_wconf 89' lang='lat' dir='ltr'>quorum</span> <span class='ocrx_word' id='word_1_13' title='bbox 2774 439 3130 503; x_wconf 77' lang='lat' dir='ltr'>autoritate</span> <span class='ocrx_word' id='word_1_14' title='bbox 3166 452 3456 506; x_wconf 82' lang='lat' dir='ltr'>castrum</span> <span class='ocrx_word' id='word_1_15' title='bbox 3487 462 3644 525; x_wconf 84' lang='lat' dir='ltr'>cap-</span> 
     </span>
    </p>
   </div>
   <div class='ocr_carea' id='block_1_3' title="bbox 646 531 844 542">
    <p class='ocr_par' dir='ltr' id='par_1_3' title="bbox 646 531 844 542">
     <span class='ocr_line' id='line_1_3' title="bbox 646 531 844 542; baseline 0 0"><span class='ocrx_word' id='word_1_16' title='bbox 646 531 844 542; x_wconf 95' lang='lat' dir='ltr'> </span> 
     </span>
    </p>
   </div>
   <div class='ocr_carea' id='block_1_4' title="bbox 586 573 841 819">
    <p class='ocr_par' dir='ltr' id='par_1_4' title="bbox 586 573 841 819">
     <span class='ocr_line' id='line_1_4' title="bbox 590 573 821 636; baseline 0 -15"><span class='ocrx_word' id='word_1_17' title='bbox 590 573 821 636; x_wconf 77' lang='lat' dir='ltr'>Attempt</span> 
     </span>
     <span class='ocr_line' id='line_1_5' title="bbox 587 644 831 703; baseline 0 -17"><span class='ocrx_word' id='word_1_18' title='bbox 587 644 642 686; x_wconf 91' lang='lat' dir='ltr'>to</span> <span class='ocrx_word' id='word_1_19' title='bbox 665 652 831 703; x_wconf 79' lang='lat' dir='ltr'>repur-</span> 
     </span>
     <span class='ocr_line' id='line_1_6' title="bbox 586 701 841 819; baseline 0 0"><span class='ocrx_word' id='word_1_20' title='bbox 586 701 841 819; x_wconf 50' lang='lat' dir='ltr'>maome</span> 
     </span>
    </p>
   </div>
   <div class='ocr_carea' id='block_1_5' title="bbox 639 1062 847 1117">
    <p class='ocr_par' dir='ltr' id='par_1_5' title="bbox 639 1062 847 1117">
     <span class='ocr_line' id='line_1_7' title="bbox 639 1062 847 1117; baseline 0.014 -3"><span class='ocrx_word' id='word_1_21' title='bbox 639 1066 680 1114; x_wconf 67' lang='grc' dir='ltr'>ί.</span> <span class='ocrx_word' id='word_1_22' title='bbox 702 1062 847 1117; x_wconf 65' lang='lat'>182⁸.</span> 
     </span>
    </p>
   </div>
   <div class='ocr_carea' id='block_1_6' title="bbox 927 557 3646 4042">
    <p class='ocr_par' dir='ltr' id='par_1_6' title="bbox 927 557 3646 3919">
     <span class='ocr_line' id='line_1_8' title="bbox 935 557 3645 646; baseline 0.001 -23"><span class='ocrx_word' id='word_1_23' title='bbox 935 569 1079 624; x_wconf 91' lang='lat' dir='ltr'>tum</span> <span class='ocrx_word' id='word_1_24' title='bbox 1132 559 1496 623; x_wconf 79' lang='lat' dir='ltr'>detinerent</span> <span class='ocrx_word' id='word_1_25' title='bbox 1551 569 1848 644; x_wconf 88' lang='lat' dir='ltr'>tempore</span> <span class='ocrx_word' id='word_1_26' title='bbox 1907 572 2306 642; x_wconf 83' lang='lat' dir='ltr'>treugarum.</span> <span class='ocrx_word' id='word_1_27' title='bbox 2397 558 2511 624; x_wconf 77' lang='lat' dir='ltr'>Ad</span> <span class='ocrx_word' id='word_1_28' title='bbox 2575 559 2694 624; x_wconf 91' lang='lat' dir='ltr'>hec</span> <span class='ocrx_word' id='word_1_29' title='bbox 2757 557 3181 644; x_wconf 90' lang='lat' dir='ltr'>responsum¹</span> <span class='ocrx_word' id='word_1_30' title='bbox 3247 576 3645 646; x_wconf 79' lang='lat' dir='ltr'>receperunt,</span> 
     </span>
     <span class='ocr_line' id='line_1_9' title="bbox 936 680 3645 766; baseline 0.001 -21"><span class='ocrx_word' id='word_1_31' title='bbox 936 683 1118 765; x_wconf 92' lang='lat' dir='ltr'>quod</span> <span class='ocrx_word' id='word_1_32' title='bbox 1152 681 1378 746; x_wconf 83' lang='lat' dir='ltr'>intrusi</span> <span class='ocrx_word' id='word_1_33' title='bbox 1412 681 1720 745; x_wconf 83' lang='lat' dir='ltr'>nolebant</span> <span class='ocrx_word' id='word_1_34' title='bbox 1752 680 1943 745; x_wconf 89' lang='lat' dir='ltr'>alicui</span> <span class='ocrx_word' id='word_1_35' title='bbox 1974 680 2216 745; x_wconf 84' lang='lat' dir='ltr'>viventi</span> <span class='ocrx_word' id='word_1_36' title='bbox 2259 700 2449 746; x_wconf 86' lang='lat' dir='ltr'>suum</span> <span class='ocrx_word' id='word_1_37' title='bbox 2495 701 2638 744; x_wconf 89' lang='lat' dir='ltr'>esse</span> <span class='ocrx_word' id='word_1_38' title='bbox 2685 681 2987 757; x_wconf 81' lang='lat' dir='ltr'>revelare,</span> <span class='ocrx_word' id='word_1_39' title='bbox 3017 703 3360 766; x_wconf 85' lang='lat' dir='ltr'>quousque</span> <span class='ocrx_word' id='word_1_40' title='bbox 3389 685 3645 747; x_wconf 86' lang='lat' dir='ltr'>diutur-</span> 
     </span>
     <span class='ocr_line' id='line_1_10' title="bbox 936 801 3646 887; baseline 0.001 -20"><span class='ocrx_word' id='word_1_41' title='bbox 936 802 1186 868; x_wconf 89' lang='lat' dir='ltr'>niorem</span> <span class='ocrx_word' id='word_1_42' title='bbox 1220 802 1343 869; x_wconf 92' lang='lat' dir='ltr'>loci</span> <span class='ocrx_word' id='word_1_43' title='bbox 1374 802 1679 867; x_wconf 89' lang='lat' dir='ltr'>seisinam</span> <span class='ocrx_word' id='word_1_44' title='bbox 1714 801 1980 867; x_wconf 80' lang='lat' dir='ltr'>fuissent</span> <span class='ocrx_word' id='word_1_45' title='bbox 2011 802 2290 887; x_wconf 85' lang='lat' dir='ltr'>experti.</span> <span class='ocrx_word' id='word_1_46' title='bbox 2384 801 2594 885; x_wconf 83' lang='lat' dir='ltr'>Igitur</span> <span class='ocrx_word' id='word_1_47' title='bbox 2627 802 2689 865; x_wconf 96' lang='lat' dir='ltr'>in</span> <span class='ocrx_word' id='word_1_48' title='bbox 2721 802 2828 866; x_wconf 92' lang='lat' dir='ltr'>die</span> <span class='ocrx_word' id='word_1_49' title='bbox 2865 804 3071 869; x_wconf 90' lang='lat' dir='ltr'>sancti</span> <span class='ocrx_word' id='word_1_50' title='bbox 3116 802 3331 869; x_wconf 83' lang='lat' dir='ltr'>Mauri</span> <span class='ocrx_word' id='word_1_51' title='bbox 3363 806 3646 881; x_wconf 81' lang='lat' dir='ltr'>abbatis,</span> 
     </span>
     <span class='ocr_line' id='line_1_11' title="bbox 936 919 3646 1010; baseline 0.001 -22"><span class='ocrx_word' id='word_1_52' title='bbox 936 944 1088 1009; x_wconf 84' lang='lat' dir='ltr'>rege</span> <span class='ocrx_word' id='word_1_53' title='bbox 1119 946 1240 989; x_wconf 91' lang='lat' dir='ltr'>suo</span> <span class='ocrx_word' id='word_1_54' title='bbox 1272 924 1708 1009; x_wconf 88' lang='lat' dir='ltr'>parliamento</span> <span class='ocrx_word' id='word_1_55' title='bbox 1742 923 2179 997; x_wconf 86' lang='lat' dir='ltr'>incumbente,</span> <span class='ocrx_word' id='word_1_56' title='bbox 2211 935 2525 988; x_wconf 86' lang='lat' dir='ltr'>venerunt</span> <span class='ocrx_word' id='word_1_57' title='bbox 2559 919 2792 989; x_wconf 80' lang='lat' dir='ltr'>Gallici</span> <span class='ocrx_word' id='word_1_58' title='bbox 2827 924 3004 988; x_wconf 88' lang='lat' dir='ltr'>missi</span> <span class='ocrx_word' id='word_1_59' title='bbox 3037 947 3077 989; x_wconf 91' lang='lat' dir='ltr'>a</span> <span class='ocrx_word' id='word_1_60' title='bbox 3117 923 3372 1010; x_wconf 75' lang='lat' dir='ltr'>prefato</span> <span class='ocrx_word' id='word_1_61' title='bbox 3401 927 3646 991; x_wconf 87' lang='lat' dir='ltr'>comite</span> 
     </span>
     <span class='ocr_line' id='line_1_12' title="bbox 932 1044 3644 1131; baseline 0 -21"><span class='ocrx_word' id='word_1_62' title='bbox 932 1047 1019 1111; x_wconf 88' lang='lat' dir='ltr'>de</span> <span class='ocrx_word' id='word_1_63' title='bbox 1050 1044 1293 1131; x_wconf 86' lang='lat' dir='ltr'>Gynes‚</span> <span class='ocrx_word' id='word_1_64' title='bbox 1338 1057 1700 1111; x_wconf 85' lang='lat' dir='ltr'>asserentes</span> <span class='ocrx_word' id='word_1_65' title='bbox 1741 1045 1805 1110; x_wconf 93' lang='lat' dir='ltr'>in</span> <span class='ocrx_word' id='word_1_66' title='bbox 1849 1044 2182 1129; x_wconf 85' lang='lat' dir='ltr'>presencia</span> <span class='ocrx_word' id='word_1_67' title='bbox 2229 1046 2397 1129; x_wconf 84' lang='lat' dir='ltr'>regis</span> <span class='ocrx_word' id='word_1_68' title='bbox 2439 1046 2638 1128; x_wconf 82' lang='lat' dir='ltr'>quod,</span> <span class='ocrx_word' id='word_1_69' title='bbox 2678 1045 2742 1108; x_wconf 94' lang='lat' dir='ltr'>in</span> <span class='ocrx_word' id='word_1_70' title='bbox 2777 1045 3209 1130; x_wconf 89' lang='lat' dir='ltr'>preiudicium</span> <span class='ocrx_word' id='word_1_71' title='bbox 3244 1059 3644 1131; x_wconf 81' lang='lat' dir='ltr'>treugarum.</span> 
     </span>
     <span class='ocr_line' id='line_1_13' title="bbox 932 1166 3646 1252; baseline 0.001 -20"><span class='ocrx_word' id='word_1_72' title='bbox 932 1178 1221 1232; x_wconf 87' lang='lat' dir='ltr'>castrum</span> <span class='ocrx_word' id='word_1_73' title='bbox 1253 1168 1624 1252; x_wconf 88' lang='lat' dir='ltr'>predictum</span> <span class='ocrx_word' id='word_1_74' title='bbox 1658 1166 1777 1231; x_wconf 85' lang='lat' dir='ltr'>suit</span> <span class='ocrx_word' id='word_1_75' title='bbox 1824 1177 2116 1252; x_wconf 89' lang='lat' dir='ltr'>captum,</span> <span class='ocrx_word' id='word_1_76' title='bbox 2166 1178 2232 1231; x_wconf 87' lang='lat' dir='ltr'>et</span> <span class='ocrx_word' id='word_1_77' title='bbox 2281 1167 2430 1231; x_wconf 90' lang='lat' dir='ltr'>ideo</span> <span class='ocrx_word' id='word_1_78' title='bbox 2463 1167 2598 1231; x_wconf 90' lang='lat' dir='ltr'>iure</span> <span class='ocrx_word' id='word_1_79' title='bbox 2635 1180 2860 1231; x_wconf 87' lang='lat' dir='ltr'>mutue</span> <span class='ocrx_word' id='word_1_80' title='bbox 2904 1166 3055 1232; x_wconf 83' lang='lat' dir='ltr'>fidei</span> <span class='ocrx_word' id='word_1_81' title='bbox 3094 1168 3212 1233; x_wconf 83' lang='lat' dir='ltr'>ciis</span> <span class='ocrx_word' id='word_1_82' title='bbox 3245 1169 3646 1251; x_wconf 82' lang='lat' dir='ltr'>integraliter</span> 
     </span>
     <span class='ocr_line' id='line_1_14' title="bbox 934 1287 3644 1373; baseline 0 -20"><span class='ocrx_word' id='word_1_83' title='bbox 934 1289 1431 1353; x_wconf 89' lang='lat' dir='ltr'>restituendum.</span> <span class='ocrx_word' id='word_1_84' title='bbox 1526 1288 1897 1372; x_wconf 89' lang='lat' dir='ltr'>Respondit</span> <span class='ocrx_word' id='word_1_85' title='bbox 1945 1287 2197 1353; x_wconf 88' lang='lat' dir='ltr'>nunciis</span> <span class='ocrx_word' id='word_1_86' title='bbox 2243 1287 2663 1372; x_wconf 82' lang='lat' dir='ltr'>providencia</span> <span class='ocrx_word' id='word_1_87' title='bbox 2703 1288 2938 1371; x_wconf 87' lang='lat' dir='ltr'>regalis</span> <span class='ocrx_word' id='word_1_88' title='bbox 2976 1291 3158 1373; x_wconf 93' lang='lat' dir='ltr'>quod</span> <span class='ocrx_word' id='word_1_89' title='bbox 3203 1288 3333 1354; x_wconf 84' lang='lat' dir='ltr'>de²</span> <span class='ocrx_word' id='word_1_90' title='bbox 3375 1312 3644 1354; x_wconf 64' lang='lat' dir='ltr'>assensu</span> 
     </span>
     <span class='ocr_line' id='line_1_15' title="bbox 935 1408 3642 1493; baseline 0.001 -19"><span class='ocrx_word' id='word_1_91' title='bbox 935 1410 1117 1493; x_wconf 85' lang='lat' dir='ltr'>regio</span> <span class='ocrx_word' id='word_1_92' title='bbox 1161 1409 1261 1475; x_wconf 88' lang='lat' dir='ltr'>vel</span> <span class='ocrx_word' id='word_1_93' title='bbox 1315 1410 1481 1474; x_wconf 83' lang='lat' dir='ltr'>scitu</span> <span class='ocrx_word' id='word_1_94' title='bbox 1536 1429 1663 1473; x_wconf 94' lang='lat' dir='ltr'>non</span> <span class='ocrx_word' id='word_1_95' title='bbox 1721 1408 1840 1473; x_wconf 85' lang='lat' dir='ltr'>suit</span> <span class='ocrx_word' id='word_1_96' title='bbox 1897 1408 2148 1474; x_wconf 81' lang='lat' dir='ltr'>facinus</span> <span class='ocrx_word' id='word_1_97' title='bbox 2203 1408 2628 1492; x_wconf 85' lang='lat' dir='ltr'>ingeniatum,</span> <span class='ocrx_word' id='word_1_98' title='bbox 2670 1420 2735 1474; x_wconf 89' lang='lat' dir='ltr'>et</span> <span class='ocrx_word' id='word_1_99' title='bbox 2782 1409 2929 1473; x_wconf 89' lang='lat' dir='ltr'>ideo</span> <span class='ocrx_word' id='word_1_100' title='bbox 2961 1410 3338 1493; x_wconf 81' lang='lat' dir='ltr'>petentibus</span> <span class='ocrx_word' id='word_1_101' title='bbox 3369 1412 3642 1477; x_wconf 85' lang='lat' dir='ltr'>tradidit</span> 
     </span>
     <span class='ocr_line' id='line_1_16' title="bbox 934 1529 3644 1616; baseline 0.001 -22"><span class='ocrx_word' id='word_1_102' title='bbox 934 1530 1156 1595; x_wconf 88' lang='lat' dir='ltr'>literas</span> <span class='ocrx_word' id='word_1_103' title='bbox 1212 1532 1653 1616; x_wconf 88' lang='lat' dir='ltr'>preceptorias</span> <span class='ocrx_word' id='word_1_104' title='bbox 1706 1530 1971 1597; x_wconf 89' lang='lat' dir='ltr'>cuilibet</span> <span class='ocrx_word' id='word_1_105' title='bbox 2025 1550 2316 1607; x_wconf 87' lang='lat' dir='ltr'>suorum,</span> <span class='ocrx_word' id='word_1_106' title='bbox 2368 1551 2451 1594; x_wconf 88' lang='lat' dir='ltr'>ne</span> <span class='ocrx_word' id='word_1_107' title='bbox 2494 1529 2731 1612; x_wconf 90' lang='lat' dir='ltr'>aliquis</span> <span class='ocrx_word' id='word_1_108' title='bbox 2777 1552 2934 1595; x_wconf 83' lang='lat' dir='ltr'>suus</span> <span class='ocrx_word' id='word_1_109' title='bbox 2979 1529 3191 1595; x_wconf 81' lang='lat' dir='ltr'>fidelis</span> <span class='ocrx_word' id='word_1_110' title='bbox 3235 1544 3524 1598; x_wconf 90' lang='lat' dir='ltr'>castrum</span> <span class='ocrx_word' id='word_1_111' title='bbox 3557 1534 3644 1597; x_wconf 88' lang='lat' dir='ltr'>de</span> 
     </span>
     <span class='ocr_line' id='line_1_17' title="bbox 935 1650 3644 1737; baseline 0.001 -22"><span class='ocrx_word' id='word_1_112' title='bbox 935 1650 1179 1735; x_wconf 80' lang='lat' dir='ltr'>Cynos,</span> <span class='ocrx_word' id='word_1_113' title='bbox 1214 1664 1282 1717; x_wconf 89' lang='lat' dir='ltr'>ut</span> <span class='ocrx_word' id='word_1_114' title='bbox 1316 1653 1735 1737; x_wconf 78' lang='lat' dir='ltr'>premittitur,</span> <span class='ocrx_word' id='word_1_115' title='bbox 1765 1660 2160 1735; x_wconf 89' lang='lat' dir='ltr'>occupatum</span> <span class='ocrx_word' id='word_1_116' title='bbox 2192 1651 2531 1725; x_wconf 86' lang='lat' dir='ltr'>detineret,</span> <span class='ocrx_word' id='word_1_117' title='bbox 2561 1662 2660 1715; x_wconf 91' lang='lat' dir='ltr'>set</span> <span class='ocrx_word' id='word_1_118' title='bbox 2702 1651 2837 1715; x_wconf 88' lang='lat' dir='ltr'>suis</span> <span class='ocrx_word' id='word_1_119' title='bbox 2870 1651 3180 1734; x_wconf 77' lang='lat' dir='ltr'>legitimis</span> <span class='ocrx_word' id='word_1_120' title='bbox 3209 1653 3644 1719; x_wconf 88' lang='lat' dir='ltr'>dominatori·</span> 
     </span>
     <span class='ocr_line' id='line_1_18' title="bbox 934 1772 3646 1857; baseline 0 -20"><span class='ocrx_word' id='word_1_121' title='bbox 934 1774 1057 1837; x_wconf 87' lang='lat' dir='ltr'>bus</span> <span class='ocrx_word' id='word_1_122' title='bbox 1102 1772 1401 1838; x_wconf 89' lang='lat' dir='ltr'>liberaret</span> <span class='ocrx_word' id='word_1_123' title='bbox 1441 1773 1622 1837; x_wconf 90' lang='lat' dir='ltr'>illud.</span> <span class='ocrx_word' id='word_1_124' title='bbox 1714 1772 1987 1838; x_wconf 88' lang='lat' dir='ltr'>Nunciis</span> <span class='ocrx_word' id='word_1_125' title='bbox 2027 1774 2335 1855; x_wconf 81' lang='lat' dir='ltr'>regressis</span> <span class='ocrx_word' id='word_1_126' title='bbox 2364 1785 2430 1838; x_wconf 86' lang='lat' dir='ltr'>et</span> <span class='ocrx_word' id='word_1_127' title='bbox 2476 1773 2798 1857; x_wconf 79' lang='lat' dir='ltr'>expositis</span> <span class='ocrx_word' id='word_1_128' title='bbox 2827 1794 2943 1837; x_wconf 83' lang='lat' dir='ltr'>sue</span> <span class='ocrx_word' id='word_1_129' title='bbox 2987 1773 3305 1855; x_wconf 83' lang='lat' dir='ltr'>legacioni</span> <span class='ocrx_word' id='word_1_130' title='bbox 3333 1774 3354 1809; x_wconf 83' lang='lat'><strong>³</strong></span> <span class='ocrx_word' id='word_1_131' title='bbox 3387 1776 3646 1839; x_wconf 86' lang='lat' dir='ltr'>contin·</span> 
     </span>
     <span class='ocr_line' id='line_1_19' title="bbox 931 1894 3642 1979; baseline 0.001 -22"><span class='ocrx_word' id='word_1_132' title='bbox 931 1894 1195 1977; x_wconf 85' lang='lat' dir='ltr'>genciis,</span> <span class='ocrx_word' id='word_1_133' title='bbox 1240 1894 1509 1959; x_wconf 86' lang='lat' dir='ltr'>accessit</span> <span class='ocrx_word' id='word_1_134' title='bbox 1555 1894 1639 1958; x_wconf 90' lang='lat' dir='ltr'>ad</span> <span class='ocrx_word' id='word_1_135' title='bbox 1687 1907 1972 1960; x_wconf 84' lang='lat' dir='ltr'>castrum</span> <span class='ocrx_word' id='word_1_136' title='bbox 2004 1895 2404 1978; x_wconf 87' lang='lat' dir='ltr'>quandoque</span> <span class='ocrx_word' id='word_1_137' title='bbox 2448 1914 2637 1958; x_wconf 91' lang='lat' dir='ltr'>suum</span> <span class='ocrx_word' id='word_1_138' title='bbox 2685 1913 2908 1959; x_wconf 86' lang='lat' dir='ltr'>comes</span> <span class='ocrx_word' id='word_1_139' title='bbox 2954 1896 3037 1959; x_wconf 89' lang='lat' dir='ltr'>de</span> <span class='ocrx_word' id='word_1_140' title='bbox 3083 1894 3327 1978; x_wconf 65' lang='lat' dir='ltr'>Cynos»,</span> <span class='ocrx_word' id='word_1_141' title='bbox 3362 1916 3642 1979; x_wconf 79' lang='lat' dir='ltr'>querens</span> 
     </span>
     <span class='ocr_line' id='line_1_20' title="bbox 933 2014 3644 2099; baseline 0 -20"><span class='ocrx_word' id='word_1_142' title='bbox 933 2015 1022 2079; x_wconf 91' lang='lat' dir='ltr'>ab</span> <span class='ocrx_word' id='word_1_143' title='bbox 1068 2015 1347 2089; x_wconf 73' lang='lat' dir='ltr'>intrusiS,</span> <span class='ocrx_word' id='word_1_144' title='bbox 1386 2014 1570 2080; x_wconf 89' lang='lat' dir='ltr'>sicud</span> <span class='ocrx_word' id='word_1_145' title='bbox 1617 2015 1799 2089; x_wconf 76' lang='lat' dir='ltr'>aliaS,</span> <span class='ocrx_word' id='word_1_146' title='bbox 1844 2015 2030 2081; x_wconf 86' lang='lat' dir='ltr'>cuius</span> <span class='ocrx_word' id='word_1_147' title='bbox 2074 2015 2338 2079; x_wconf 90' lang='lat' dir='ltr'>nomine</span> <span class='ocrx_word' id='word_1_148' title='bbox 2382 2028 2667 2082; x_wconf 88' lang='lat' dir='ltr'>castrum</span> <span class='ocrx_word' id='word_1_149' title='bbox 2715 2027 3151 2099; x_wconf 81' lang='lat' dir='ltr'>occuparent3</span> <span class='ocrx_word' id='word_1_150' title='bbox 3199 2017 3436 2099; x_wconf 88' lang='lat' dir='ltr'>quibus</span> <span class='ocrx_word' id='word_1_151' title='bbox 3483 2039 3644 2082; x_wconf 88' lang='lat' dir='ltr'>con-</span> 
     </span>
     <span class='ocr_line' id='line_1_21' title="bbox 934 2136 3644 2220; baseline 0.001 -21"><span class='ocrx_word' id='word_1_152' title='bbox 934 2147 1182 2200; x_wconf 89' lang='lat' dir='ltr'>stanter</span> <span class='ocrx_word' id='word_1_153' title='bbox 1213 2136 1757 2220; x_wconf 86' lang='lat' dir='ltr'>respondentibus</span> <span class='ocrx_word' id='word_1_154' title='bbox 1780 2137 1959 2219; x_wconf 90' lang='lat' dir='ltr'>quod</span> <span class='ocrx_word' id='word_1_155' title='bbox 1992 2137 2260 2201; x_wconf 89' lang='lat' dir='ltr'>nomine</span> <span class='ocrx_word' id='word_1_156' title='bbox 2293 2136 2602 2201; x_wconf 84' lang='lat' dir='ltr'>lobannis</span> <span class='ocrx_word' id='word_1_157' title='bbox 2639 2136 3082 2211; x_wconf 87' lang='lat' dir='ltr'>Danecastrie,</span> <span class='ocrx_word' id='word_1_158' title='bbox 3107 2137 3385 2220; x_wconf 77' lang='lat' dir='ltr'>quesivit</span> <span class='ocrx_word' id='word_1_159' title='bbox 3422 2152 3644 2203; x_wconf 87' lang='lat' dir='ltr'>utrum</span> 
     </span>
     <span class='ocr_line' id='line_1_22' title="bbox 937 2256 3642 2344; baseline 0.002 -24"><span class='ocrx_word' id='word_1_160' title='bbox 937 2256 1260 2322; x_wconf 86' lang='lat' dir='ltr'>Iohannes</span> <span class='ocrx_word' id='word_1_161' title='bbox 1292 2256 1581 2341; x_wconf 81' lang='lat' dir='ltr'>prefatus</span> <span class='ocrx_word' id='word_1_162' title='bbox 1610 2268 1778 2322; x_wconf 89' lang='lat' dir='ltr'>esset</span> <span class='ocrx_word' id='word_1_163' title='bbox 1814 2256 2023 2322; x_wconf 82' lang='lat' dir='ltr'>fidelis</span> <span class='ocrx_word' id='word_1_164' title='bbox 2057 2258 2227 2341; x_wconf 83' lang='lat' dir='ltr'>regis</span> <span class='ocrx_word' id='word_1_165' title='bbox 2261 2256 2632 2341; x_wconf 81' lang='lat' dir='ltr'>Anglorum</span> <span class='ocrx_word' id='word_1_166' title='bbox 2679 2270 2791 2323; x_wconf 88' lang='lat' dir='ltr'>aut</span> <span class='ocrx_word' id='word_1_167' title='bbox 2833 2258 2970 2322; x_wconf 89' lang='lat' dir='ltr'>eius</span> <span class='ocrx_word' id='word_1_168' title='bbox 3004 2260 3328 2344; x_wconf 87' lang='lat' dir='ltr'>preceptis</span> <span class='ocrx_word' id='word_1_169' title='bbox 3375 2260 3642 2325; x_wconf 81' lang='lat' dir='ltr'>inclina·</span> 
     </span>
     <span class='ocr_line' id='line_1_23' title="bbox 933 2377 3644 2464; baseline 0.001 -22"><span class='ocrx_word' id='word_1_170' title='bbox 933 2389 1134 2443; x_wconf 90' lang='lat' dir='ltr'>turus.</span> <span class='ocrx_word' id='word_1_171' title='bbox 1226 2377 1383 2462; x_wconf 80' lang='lat' dir='ltr'>Quo</span> <span class='ocrx_word' id='word_1_172' title='bbox 1436 2380 1871 2463; x_wconf 89' lang='lat' dir='ltr'>respondente</span> <span class='ocrx_word' id='word_1_173' title='bbox 1900 2380 2080 2462; x_wconf 91' lang='lat' dir='ltr'>quod</span> <span class='ocrx_word' id='word_1_174' title='bbox 2130 2399 2280 2454; x_wconf 85' lang='lat' dir='ltr'>non,</span> <span class='ocrx_word' id='word_1_175' title='bbox 2321 2380 2512 2445; x_wconf 86' lang='lat' dir='ltr'>scivit</span> <span class='ocrx_word' id='word_1_176' title='bbox 2561 2380 2735 2444; x_wconf 90' lang='lat' dir='ltr'>enim</span> <span class='ocrx_word' id='word_1_177' title='bbox 2768 2380 2930 2464; x_wconf 89' lang='lat' dir='ltr'>quid</span> <span class='ocrx_word' id='word_1_178' title='bbox 2976 2380 3040 2443; x_wconf 88' lang='lat' dir='ltr'>in</span> <span class='ocrx_word' id='word_1_179' title='bbox 3085 2380 3333 2464; x_wconf 80' lang='lat' dir='ltr'>Anglia</span> <span class='ocrx_word' id='word_1_180' title='bbox 3363 2382 3644 2464; x_wconf 83' lang='lat' dir='ltr'>contigit</span> 
     </span>
     <span class='ocr_line' id='line_1_24' title="bbox 935 2499 3644 2586; baseline 0.001 -22"><span class='ocrx_word' id='word_1_181' title='bbox 935 2499 1185 2565; x_wconf 91' lang='lat' dir='ltr'>nunciis</span> <span class='ocrx_word' id='word_1_182' title='bbox 1218 2500 1705 2584; x_wconf 73' lang='lat' dir='ltr'>prenominatis,</span> <span class='ocrx_word' id='word_1_183' title='bbox 1735 2500 1975 2584; x_wconf 89' lang='lat' dir='ltr'>optulit</span> <span class='ocrx_word' id='word_1_184' title='bbox 2007 2521 2232 2567; x_wconf 87' lang='lat' dir='ltr'>comes</span> <span class='ocrx_word' id='word_1_185' title='bbox 2272 2523 2394 2585; x_wconf 91' lang='lat' dir='ltr'>pro</span> <span class='ocrx_word' id='word_1_186' title='bbox 2434 2515 2667 2576; x_wconf 90' lang='lat' dir='ltr'>castro,</span> <span class='ocrx_word' id='word_1_187' title='bbox 2711 2517 2929 2586; x_wconf 89' lang='lat' dir='ltr'>preter</span> <span class='ocrx_word' id='word_1_188' title='bbox 2959 2514 3174 2567; x_wconf 90' lang='lat' dir='ltr'>totum</span> <span class='ocrx_word' id='word_1_189' title='bbox 3208 2516 3538 2567; x_wconf 86' lang='lat' dir='ltr'>tesaurum</span> <span class='ocrx_word' id='word_1_190' title='bbox 3575 2504 3644 2568; x_wconf 79' lang='lat' dir='ltr'>in</span> 
     </span>
     <span class='ocr_line' id='line_1_25' title="bbox 933 2620 3644 2708; baseline 0.001 -22"><span class='ocrx_word' id='word_1_191' title='bbox 933 2643 1015 2687; x_wconf 92' lang='lat' dir='ltr'>eo</span> <span class='ocrx_word' id='word_1_192' title='bbox 1047 2635 1396 2706; x_wconf 84' lang='lat' dir='ltr'>repertum,</span> <span class='ocrx_word' id='word_1_193' title='bbox 1430 2620 1637 2686; x_wconf 90' lang='lat' dir='ltr'>multa</span> <span class='ocrx_word' id='word_1_194' title='bbox 1669 2621 1851 2686; x_wconf 90' lang='lat' dir='ltr'>milia</span> <span class='ocrx_word' id='word_1_195' title='bbox 1881 2634 2311 2696; x_wconf 85' lang='lat' dir='ltr'>scutatorum,</span> <span class='ocrx_word' id='word_1_196' title='bbox 2342 2635 2456 2688; x_wconf 89' lang='lat' dir='ltr'>aut</span> <span class='ocrx_word' id='word_1_197' title='bbox 2490 2624 2934 2708; x_wconf 83' lang='lat' dir='ltr'>possessiones</span> <span class='ocrx_word' id='word_1_198' title='bbox 2964 2645 3085 2707; x_wconf 94' lang='lat' dir='ltr'>pro</span> <span class='ocrx_word' id='word_1_199' title='bbox 3115 2625 3644 2690; x_wconf 84' lang='lat' dir='ltr'>commutacione</span> 
     </span>
     <span class='ocr_line' id='line_1_26' title="bbox 932 2743 3644 2828; baseline 0.001 -21"><span class='ocrx_word' id='word_1_200' title='bbox 932 2755 997 2807; x_wconf 90' lang='lat' dir='ltr'>et</span> <span class='ocrx_word' id='word_1_201' title='bbox 1032 2762 1260 2826; x_wconf 88' lang='lat' dir='ltr'>pacem</span> <span class='ocrx_word' id='word_1_202' title='bbox 1299 2756 1683 2828; x_wconf 65' lang='lat' dir='ltr'>perpetuam</span> <span class='ocrx_word' id='word_1_203' title='bbox 1718 2754 1917 2826; x_wconf 88' lang='lat' dir='ltr'>atque</span> <span class='ocrx_word' id='word_1_204' title='bbox 1946 2743 2312 2809; x_wconf 89' lang='lat' dir='ltr'>amiciciam</span> <span class='ocrx_word' id='word_1_205' title='bbox 2347 2745 2518 2827; x_wconf 83' lang='lat' dir='ltr'>regis</span> <span class='ocrx_word' id='word_1_206' title='bbox 2553 2745 2974 2809; x_wconf 85' lang='lat' dir='ltr'>Francorum.</span> <span class='ocrx_word' id='word_1_207' title='bbox 3067 2744 3182 2809; x_wconf 76' lang='lat' dir='ltr'>Ad</span> <span class='ocrx_word' id='word_1_208' title='bbox 3216 2745 3334 2810; x_wconf 79' lang='lat' dir='ltr'>hoc</span> <span class='ocrx_word' id='word_1_209' title='bbox 3362 2744 3644 2810; x_wconf 81' lang='lat' dir='ltr'>finaliter</span> 
     </span>
     <span class='ocr_line' id='line_1_27' title="bbox 933 2863 3642 2948; baseline 0.001 -21"><span class='ocrx_word' id='word_1_210' title='bbox 933 2866 1406 2947; x_wconf 89' lang='lat' dir='ltr'>responderunt</span> <span class='ocrx_word' id='word_1_211' title='bbox 1453 2863 1787 2930; x_wconf 87' lang='lat' dir='ltr'>castellani</span> <span class='ocrx_word' id='word_1_212' title='bbox 1832 2865 2011 2948; x_wconf 91' lang='lat' dir='ltr'>quod</span> <span class='ocrx_word' id='word_1_213' title='bbox 2064 2877 2219 2930; x_wconf 89' lang='lat' dir='ltr'>ante</span> <span class='ocrx_word' id='word_1_214' title='bbox 2262 2865 2642 2948; x_wconf 87' lang='lat' dir='ltr'>capcionem</span> <span class='ocrx_word' id='word_1_215' title='bbox 2682 2864 2778 2928; x_wconf 91' lang='lat' dir='ltr'>sui</span> <span class='ocrx_word' id='word_1_216' title='bbox 2825 2864 3020 2930; x_wconf 77' lang='lat' dir='ltr'>castri</span> <span class='ocrx_word' id='word_1_217' title='bbox 3071 2864 3326 2930; x_wconf 83' lang='lat' dir='ltr'>fuerunt</span> <span class='ocrx_word' id='word_1_218' title='bbox 3373 2865 3642 2948; x_wconf 77' lang='lat' dir='ltr'>Anglici</span> 
     </span>
     <span class='ocr_line' id='line_1_28' title="bbox 932 2985 3644 3070; baseline 0.001 -21"><span class='ocrx_word' id='word_1_219' title='bbox 932 2985 1220 3062; x_wconf 91' lang='lat' dir='ltr'>nacione,</span> <span class='ocrx_word' id='word_1_220' title='bbox 1252 2997 1372 3062; x_wconf 78' lang='lat' dir='ltr'>set,</span> <span class='ocrx_word' id='word_1_221' title='bbox 1402 2985 1537 3050; x_wconf 80' lang='lat' dir='ltr'>suis</span> <span class='ocrx_word' id='word_1_222' title='bbox 1566 2986 1903 3050; x_wconf 84' lang='lat' dir='ltr'>demeritis</span> <span class='ocrx_word' id='word_1_223' title='bbox 1940 3007 1981 3051; x_wconf 91' lang='lat' dir='ltr'>a</span> <span class='ocrx_word' id='word_1_224' title='bbox 2013 3007 2174 3070; x_wconf 84' lang='lat' dir='ltr'>pace</span> <span class='ocrx_word' id='word_1_225' title='bbox 2213 2998 2280 3051; x_wconf 90' lang='lat' dir='ltr'>et</span> <span class='ocrx_word' id='word_1_226' title='bbox 2311 2987 2608 3052; x_wconf 91' lang='lat' dir='ltr'>amicicia</span> <span class='ocrx_word' id='word_1_227' title='bbox 2638 2999 2836 3070; x_wconf 90' lang='lat' dir='ltr'>atque</span> <span class='ocrx_word' id='word_1_228' title='bbox 2869 2986 3154 3051; x_wconf 89' lang='lat' dir='ltr'>incolatu</span> <span class='ocrx_word' id='word_1_229' title='bbox 3195 2987 3366 3068; x_wconf 76' lang='lat' dir='ltr'>regis</span> <span class='ocrx_word' id='word_1_230' title='bbox 3397 2987 3644 3070; x_wconf 77' lang='lat' dir='ltr'>Anglie</span> 
     </span>
     <span class='ocr_line' id='line_1_29' title="bbox 930 3107 3642 3192; baseline 0.001 -20"><span class='ocrx_word' id='word_1_231' title='bbox 930 3119 995 3172; x_wconf 90' lang='lat' dir='ltr'>et</span> <span class='ocrx_word' id='word_1_232' title='bbox 1031 3108 1210 3190; x_wconf 90' lang='lat' dir='ltr'>regni</span> <span class='ocrx_word' id='word_1_233' title='bbox 1243 3108 1531 3190; x_wconf 85' lang='lat' dir='ltr'>relegati,</span> <span class='ocrx_word' id='word_1_234' title='bbox 1560 3107 1811 3173; x_wconf 82' lang='lat' dir='ltr'>exulati</span> <span class='ocrx_word' id='word_1_235' title='bbox 1839 3133 1855 3184; x_wconf 79' lang='lat'><em>3</em></span> <span class='ocrx_word' id='word_1_236' title='bbox 1904 3110 2076 3172; x_wconf 89' lang='lat' dir='ltr'>unde</span> <span class='ocrx_word' id='word_1_237' title='bbox 2114 3107 2332 3174; x_wconf 93' lang='lat' dir='ltr'>locum</span> <span class='ocrx_word' id='word_1_238' title='bbox 2363 3129 2560 3192; x_wconf 86' lang='lat' dir='ltr'>quem</span> <span class='ocrx_word' id='word_1_239' title='bbox 2590 3109 2953 3173; x_wconf 81' lang='lat' dir='ltr'>habuerunt</span> <span class='ocrx_word' id='word_1_240' title='bbox 2987 3108 3263 3174; x_wconf 87' lang='lat' dir='ltr'>libenter</span> <span class='ocrx_word' id='word_1_241' title='bbox 3286 3110 3642 3174; x_wconf 85' lang='lat' dir='ltr'>venderent</span> 
     </span>
     <span class='ocr_line' id='line_1_30' title="bbox 931 3228 3642 3314; baseline 0 -21"><span class='ocrx_word' id='word_1_242' title='bbox 931 3241 1043 3294; x_wconf 92' lang='lat' dir='ltr'>aut</span> <span class='ocrx_word' id='word_1_243' title='bbox 1089 3241 1592 3304; x_wconf 86' lang='lat' dir='ltr'>commutarent,</span> <span class='ocrx_word' id='word_1_244' title='bbox 1634 3241 1733 3294; x_wconf 74' lang='lat' dir='ltr'>set</span> <span class='ocrx_word' id='word_1_245' title='bbox 1781 3228 1941 3293; x_wconf 93' lang='lat' dir='ltr'>nulli</span> <span class='ocrx_word' id='word_1_246' title='bbox 1982 3229 2162 3313; x_wconf 88' lang='lat' dir='ltr'>prius</span> <span class='ocrx_word' id='word_1_247' title='bbox 2190 3249 2392 3312; x_wconf 88' lang='lat' dir='ltr'>quam</span> <span class='ocrx_word' id='word_1_248' title='bbox 2440 3251 2560 3294; x_wconf 89' lang='lat' dir='ltr'>suo</span> <span class='ocrx_word' id='word_1_249' title='bbox 2607 3230 2742 3312; x_wconf 89' lang='lat' dir='ltr'>regi</span> <span class='ocrx_word' id='word_1_250' title='bbox 2781 3229 3084 3304; x_wconf 85' lang='lat' dir='ltr'>naturali,</span> <span class='ocrx_word' id='word_1_251' title='bbox 3126 3229 3372 3295; x_wconf 69' lang='lat' dir='ltr'>scilicet</span> <span class='ocrx_word' id='word_1_252' title='bbox 3421 3250 3642 3314; x_wconf 85' lang='lat' dir='ltr'>preor-</span> 
     </span>
     <span class='ocr_line' id='line_1_31' title="bbox 928 3349 3642 3434; baseline 0 -20"><span class='ocrx_word' id='word_1_253' title='bbox 928 3351 1160 3414; x_wconf 88' lang='lat' dir='ltr'>dinato</span> <span class='ocrx_word' id='word_1_254' title='bbox 1213 3350 1346 3432; x_wconf 87' lang='lat' dir='ltr'>regi</span> <span class='ocrx_word' id='word_1_255' title='bbox 1408 3349 1673 3432; x_wconf 77' lang='lat' dir='ltr'>Anglie‚</span> <span class='ocrx_word' id='word_1_256' title='bbox 1732 3350 1853 3424; x_wconf 82' lang='lat' dir='ltr'>cui,</span> <span class='ocrx_word' id='word_1_257' title='bbox 1914 3361 1985 3414; x_wconf 89' lang='lat' dir='ltr'>ut</span> <span class='ocrx_word' id='word_1_258' title='bbox 2046 3351 2380 3428; x_wconf 86' lang='lat' dir='ltr'>dixerunt,</span> <span class='ocrx_word' id='word_1_259' title='bbox 2428 3350 2639 3416; x_wconf 81' lang='lat' dir='ltr'>forent</span> <span class='ocrx_word' id='word_1_260' title='bbox 2692 3350 3060 3434; x_wconf 81' lang='lat' dir='ltr'>exposituri</span> <span class='ocrx_word' id='word_1_261' title='bbox 3112 3371 3305 3416; x_wconf 76' lang='lat' dir='ltr'>suum</span> <span class='ocrx_word' id='word_1_262' title='bbox 3351 3365 3642 3416; x_wconf 78' lang='lat' dir='ltr'>castrum</span> 
     </span>
     <span class='ocr_line' id='line_1_32' title="bbox 927 3470 3640 3556; baseline 0.001 -24"><span class='ocrx_word' id='word_1_263' title='bbox 927 3470 1156 3535; x_wconf 81' lang='lat' dir='ltr'>venale</span> <span class='ocrx_word' id='word_1_264' title='bbox 1204 3491 1324 3555; x_wconf 93' lang='lat' dir='ltr'>pro</span> <span class='ocrx_word' id='word_1_265' title='bbox 1360 3471 1458 3534; x_wconf 91' lang='lat' dir='ltr'>sui</span> <span class='ocrx_word' id='word_1_266' title='bbox 1503 3492 1663 3555; x_wconf 89' lang='lat' dir='ltr'>pace</span> <span class='ocrx_word' id='word_1_267' title='bbox 1712 3483 1915 3553; x_wconf 93' lang='lat' dir='ltr'>atque</span> <span class='ocrx_word' id='word_1_268' title='bbox 1969 3470 2245 3556; x_wconf 82' lang='lat' dir='ltr'>pacifica</span> <span class='ocrx_word' id='word_1_269' title='bbox 2296 3472 2715 3538; x_wconf 77' lang='lat' dir='ltr'>revocacione</span> <span class='ocrx_word' id='word_1_270' title='bbox 2759 3472 2847 3536; x_wconf 82' lang='lat' dir='ltr'>ab</span> <span class='ocrx_word' id='word_1_271' title='bbox 2890 3471 3140 3546; x_wconf 77' lang='lat' dir='ltr'>exili03</span> <span class='ocrx_word' id='word_1_272' title='bbox 3187 3472 3300 3554; x_wconf 92' lang='lat' dir='ltr'>qui</span> <span class='ocrx_word' id='word_1_273' title='bbox 3343 3472 3394 3534; x_wconf 88' lang='lat' dir='ltr'>si</span> <span class='ocrx_word' id='word_1_274' title='bbox 3437 3473 3640 3536; x_wconf 81' lang='lat' dir='ltr'>nollet</span> 
     </span>
     <span class='ocr_line' id='line_1_33' title="bbox 932 3590 3642 3676; baseline 0 -21"><span class='ocrx_word' id='word_1_275' title='bbox 932 3590 1138 3656; x_wconf 80' lang='lat' dir='ltr'>illud⁴</span> <span class='ocrx_word' id='word_1_276' title='bbox 1195 3612 1429 3668; x_wconf 85' lang='lat' dir='ltr'>emere,</span> <span class='ocrx_word' id='word_1_277' title='bbox 1484 3593 1653 3674; x_wconf 83' lang='lat' dir='ltr'>regis</span> <span class='ocrx_word' id='word_1_278' title='bbox 1716 3593 1989 3658; x_wconf 84' lang='lat' dir='ltr'>Francie</span> <span class='ocrx_word' id='word_1_279' title='bbox 2047 3605 2162 3657; x_wconf 91' lang='lat' dir='ltr'>aut</span> <span class='ocrx_word' id='word_1_280' title='bbox 2227 3593 2696 3676; x_wconf 86' lang='lat' dir='ltr'>cuiuscumque</span> <span class='ocrx_word' id='word_1_281' title='bbox 2754 3592 3254 3658; x_wconf 76' lang='lat' dir='ltr'>habundancius</span> <span class='ocrx_word' id='word_1_282' title='bbox 3311 3591 3642 3658; x_wconf 75' lang='lat' dir='ltr'>offerentis</span> 
     </span>
     <span class='ocr_line' id='line_1_34' title="bbox 932 3712 3642 3798; baseline 0.001 -22"><span class='ocrx_word' id='word_1_283' title='bbox 932 3735 1054 3798; x_wconf 89' lang='lat' dir='ltr'>pro</span> <span class='ocrx_word' id='word_1_284' title='bbox 1092 3712 1205 3779; x_wconf 90' lang='lat' dir='ltr'>illo</span> <span class='ocrx_word' id='word_1_285' title='bbox 1242 3714 1530 3797; x_wconf 90' lang='lat' dir='ltr'>precium</span> <span class='ocrx_word' id='word_1_286' title='bbox 1582 3713 2037 3779; x_wconf 82' lang='lat' dir='ltr'>convencionis</span> <span class='ocrx_word' id='word_1_287' title='bbox 2086 3714 2443 3798; x_wconf 87' lang='lat' dir='ltr'>reciperent</span> <span class='ocrx_word' id='word_1_288' title='bbox 2494 3714 2792 3779; x_wconf 88' lang='lat' dir='ltr'>libenter.</span> <span class='ocrx_word' id='word_1_289' title='bbox 2882 3712 3160 3778; x_wconf 85' lang='lat' dir='ltr'>Talibus</span> <span class='ocrx_word' id='word_1_290' title='bbox 3203 3714 3446 3778; x_wconf 86' lang='lat' dir='ltr'>comite</span> <span class='ocrx_word' id='word_1_291' title='bbox 3491 3735 3642 3778; x_wconf 72' lang='lat' dir='ltr'>eva·</span> 
     </span>
     <span class='ocr_line' id='line_1_35' title="bbox 930 3833 3306 3919; baseline -0.002 -18"><span class='ocrx_word' id='word_1_292' title='bbox 930 3847 1146 3908; x_wconf 81' lang='lat' dir='ltr'>cuato,</span> <span class='ocrx_word' id='word_1_293' title='bbox 1187 3857 1303 3900; x_wconf 79' lang='lat' dir='ltr'>rex</span> <span class='ocrx_word' id='word_1_294' title='bbox 1336 3833 1583 3918; x_wconf 77' lang='lat' dir='ltr'>Anglie</span> <span class='ocrx_word' id='word_1_295' title='bbox 1618 3847 1905 3901; x_wconf 79' lang='lat' dir='ltr'>castrum</span> <span class='ocrx_word' id='word_1_296' title='bbox 1940 3856 2164 3900; x_wconf 78' lang='lat' dir='ltr'>revera</span> <span class='ocrx_word' id='word_1_297' title='bbox 2193 3836 2638 3900; x_wconf 87' lang='lat' dir='ltr'>desideratum</span> <span class='ocrx_word' id='word_1_298' title='bbox 2677 3835 2837 3900; x_wconf 88' lang='lat' dir='ltr'>emit</span> <span class='ocrx_word' id='word_1_299' title='bbox 2876 3848 2940 3900; x_wconf 92' lang='lat' dir='ltr'>et</span> <span class='ocrx_word' id='word_1_300' title='bbox 2973 3836 3306 3919; x_wconf 79' lang='lat' dir='ltr'>ocupavit.</span> 
     </span>
    </p>

    <p class='ocr_par' dir='ltr' id='par_1_7' title="bbox 1139 3955 3640 4042">
     <span class='ocr_line' id='line_1_36' title="bbox 1139 3955 3640 4042; baseline -0 -23"><span class='ocrx_word' id='word_1_301' title='bbox 1139 3955 1326 4021; x_wconf 88' lang='lat' dir='ltr'>Istud</span> <span class='ocrx_word' id='word_1_302' title='bbox 1366 3956 1757 4022; x_wconf 81' lang='lat' dir='ltr'>fortalicium</span> <span class='ocrx_word' id='word_1_303' title='bbox 1797 3956 2048 4021; x_wconf 88' lang='lat' dir='ltr'>solebat</span> <span class='ocrx_word' id='word_1_304' title='bbox 2087 3955 2391 4042; x_wconf 81' lang='lat' dir='ltr'>Anglicis</span> <span class='ocrx_word' id='word_1_305' title='bbox 2435 3968 2745 4042; x_wconf 88' lang='lat' dir='ltr'>opturare</span> <span class='ocrx_word' id='word_1_306' title='bbox 2782 3956 2958 4020; x_wconf 77' lang='lat' dir='ltr'>viam</span> <span class='ocrx_word' id='word_1_307' title='bbox 3003 3955 3067 4020; x_wconf 89' lang='lat' dir='ltr'>in</span> <span class='ocrx_word' id='word_1_308' title='bbox 3115 3955 3400 4040; x_wconf 84' lang='lat' dir='ltr'>patriam</span> <span class='ocrx_word' id='word_1_309' title='bbox 3443 3975 3640 4040; x_wconf 80' lang='lat' dir='ltr'>supe-</span> 
     </span>
    </p>
   </div>
   <div class='ocr_carea' id='block_1_7' title="bbox 1005 4209 3578 4290">
    <p class='ocr_par' dir='ltr' id='par_1_8' title="bbox 1005 4209 3578 4290">
     <span class='ocr_line' id='line_1_37' title="bbox 1005 4209 3578 4290; baseline -0.002 -22"><span class='ocrx_word' id='word_1_310' title='bbox 1005 4213 1021 4246; x_wconf 85' lang='lat'><strong>¹</strong></span> <span class='ocrx_word' id='word_1_311' title='bbox 1059 4212 1253 4270; x_wconf 67' lang='lat' dir='ltr'>adkec</span> <span class='ocrx_word' id='word_1_312' title='bbox 1277 4212 1548 4290; x_wconf 43' lang='lat' dir='ltr'>respons]</span> <span class='ocrx_word' id='word_1_313' title='bbox 1575 4217 1847 4289; x_wconf 73' lang='lat' dir='ltr'>repeated.</span> <span class='ocrx_word' id='word_1_314' title='bbox 1886 4218 1947 4273; x_wconf 86' lang='grc' dir='ltr'>Β.</span> <span class='ocrx_word' id='word_1_315' title='bbox 2163 4215 2183 4249; x_wconf 87' lang='lat'><strong>¹</strong></span> <span class='ocrx_word' id='word_1_316' title='bbox 2219 4233 2326 4270; x_wconf 66' lang='lat' dir='ltr'>om.</span> <span class='ocrx_word' id='word_1_317' title='bbox 2367 4217 2431 4273; x_wconf 88' lang='lat' dir='ltr'>C.</span> <span class='ocrx_word' id='word_1_318' title='bbox 2645 4212 2665 4246; x_wconf 81' lang='lat'>⁸</span> <span class='ocrx_word' id='word_1_319' title='bbox 2705 4211 3020 4286; x_wconf 73' lang='lat' dir='ltr'>legacionis.</span> <span class='ocrx_word' id='word_1_320' title='bbox 3060 4213 3124 4269; x_wconf 90' lang='lat' dir='ltr'>C.</span> <span class='ocrx_word' id='word_1_321' title='bbox 3343 4211 3362 4240; x_wconf 78' lang='lat'>⁸</span> <span class='ocrx_word' id='word_1_322' title='bbox 3401 4209 3474 4266; x_wconf 80' lang='lat' dir='ltr'>id.</span> <span class='ocrx_word' id='word_1_323' title='bbox 3513 4211 3578 4266; x_wconf 89' lang='lat' dir='ltr'>C.</span> 
     </span>
    </p>
   </div>
  </div>
 </body>
</html>
